2642 3867
162 188 201 247 30
421 172 488 229 DE
514 172 689 230 RERUM
710 173 899 234 NATURA

162 297 288 359 Lubrica
308 298 441 377 proluvie
462 301 541 375 larga
560 301 657 361 lavere
679 301 781 361 umida
800 322 878 375 saxa,
1094 324 1154 382 959

161 394 274 457 Umida
294 414 371 467 saxa,
393 414 481 472 super
499 393 584 455 viridi
604 396 746 456 stillantia
765 417 878 471 musco,

160 494 200 552 Et
220 490 325 569 partim
345 493 435 569 plano
455 502 568 553 scatere
588 502 679 568 atque
699 512 852 570 erumpere
872 515 986 573 campo

161 588 298 649 Necdum
319 608 365 649 res
385 588 445 666 igni
466 588 581 651 scibant
601 600 726 651 tractare
746 610 845 668 neque
865 591 909 651 uti

161 686 291 747 Pellibus
311 697 340 747 et
361 685 462 763 spoliis
481 707 591 765 corpus
610 688 717 749 vestire
737 690 872 761 serarum,

160 781 219 841 Sed
239 800 362 841 nemora
381 791 470 859 atque
490 801 579 842 cavos
599 793 717 844 montes
737 782 885 859 silvasque
904 785 1043 844 colebant
1094 803 1151 863 955

160 880 200 938 Et
219 878 337 939 frutices
356 876 433 939 inter
453 880 623 940 condebant
644 877 780 956 squalida
799 883 932 941 membra

159 975 291 1035 Verbera
310 985 466 1035 ventorum
485 974 578 1036 vitare
597 974 766 1053 imbresque
786 975 891 1037 coacti.

161 1074 227 1133 Nec
247 1092 405 1134 commune
425 1074 538 1133 bonum
558 1084 695 1151 poterant
716 1086 849 1152 spectare
869 1094 967 1153 neque
986 1075 1053 1136 ullis

161 1169 296 1231 Moribus
316 1170 392 1231 inter
412 1190 444 1231 se
465 1171 580 1232 scibant
599 1191 657 1233 nec
677 1171 791 1249 legibus
811 1172 862 1236 uti
978 1221 984 1230 .

160 1266 251 1342 Quod
272 1265 378 1344 cuique
398 1270 544 1329 obtulerat
564 1270 693 1346 praedae
712 1270 838 1341 fortuna,
860 1270 973 1330 ferebat
1093 1274 1152 1347 960

159 1364 271 1439 Sponte
292 1384 345 1424 sua
365 1362 422 1424 sibi
442 1364 567 1441 quisque
587 1367 685 1426 valere
705 1376 736 1427 et
755 1365 852 1426 vivere
872 1364 985 1426 doctus

159 1465 199 1523 Et
218 1465 323 1523 Venus
343 1462 375 1522 in
396 1463 476 1524 silvis
496 1463 637 1542 iungebat
656 1482 782 1541 corpora
800 1473 951 1523 amantum
960 1484 970 1535 3

159 1558 347 1620 Conciliabat
367 1559 446 1621 enim
466 1562 514 1620 vel
535 1570 638 1621 mutua
658 1578 808 1636 quamque
827 1558 939 1635 cupido

158 1656 215 1715 Vel
235 1654 370 1731 pretium,
391 1655 512 1732 glandes
533 1666 624 1732 atque
644 1653 740 1715 arbita
759 1655 807 1713 vel
827 1653 892 1730 pira
911 1654 995 1713 lecta
1092 1655 1149 1730 965

160 1754 199 1812 Et
217 1771 359 1811 manuum
379 1752 451 1811 mira
473 1751 538 1813 freti
557 1752 666 1813 virtute
686 1753 858 1829 pedumque

159 1849 416 1910 Consectabantur
435 1848 577 1910 silvestria
598 1851 695 1910 saecla
716 1848 841 1909 ferarum

159 1942 322 2003 Missilibus
343 1942 420 2003 saxis
441 1953 471 2004 et
492 1963 600 2021 magno
621 1943 753 2022 pondere
774 1945 894 2016 clavae3

159 2040 316 2116 Multaque
336 2039 504 2113 vincebant,
525 2040 659 2101 vitabant
678 2058 775 2118 pauca
793 2037 912 2100 latebris
921 2059 931 2111 ;

158 2135 373 2213 Saetigerisque
393 2156 477 2215 pares
498 2138 582 2197 subu’
603 2136 645 2197 sic
666 2135 809 2197 silvestria
828 2137 961 2197 membra
1091 2153 1150 2212 970

159 2233 249 2292 Nuda
268 2233 381 2293 dabant
401 2244 493 2293 terrae
513 2244 659 2293 nocturno
681 2245 815 2309 tempore
834 2231 922 2309 capti,

159 2329 279 2392 Circum
300 2349 332 2390 se
352 2330 429 2390 soliis
448 2349 484 2389 ac
504 2328 657 2389 frondibus
678 2328 869 2391 involventes.

158 2429 225 2488 Nec
244 2428 386 2505 plangore
407 2426 487 2488 diem
507 2446 616 2503 magno
636 2428 790 2504 solemque
810 2444 864 2503 per
884 2443 969 2501 agros

158 2522 349 2598 Quaerebant
367 2520 468 2599 pavidi
487 2523 623 2596 palantes
643 2522 741 2581 noctis
760 2520 792 2580 in
812 2518 933 2593 umbris,

157 2621 217 2680 Sed
236 2618 317 2680 taciti
336 2621 543 2696 respectabant
564 2636 731 2695 somnoque
751 2615 869 2695 sepulti,
1090 2633 1146 2693 975

158 2716 239 2776 Dum
259 2734 344 2776 rosea
362 2716 427 2777 face
448 2716 494 2777 sol
513 2714 633 2775 inferret
653 2712 769 2774 lumina
788 2713 881 2773 caelo.

156 2815 185 2872 Α
205 2810 302 2889 parvis
322 2813 404 2889 quod
424 2810 504 2872 enim
524 2821 704 2874 consuerant
723 2828 843 2870 cernere
863 2826 980 2886 semper

157 2910 280 2969 Altemo
300 2910 437 2969 tenebras
457 2919 487 2969 et
507 2909 605 2969 lucem
625 2916 761 2982 tempore
781 2902 870 2981 gigni,

158 3007 229 3066 Non
250 3014 311 3065 erat
330 3016 363 3065 ut
383 3004 446 3065 fieri
465 3014 566 3082 posset
586 3002 716 3063 mirarier
734 3020 878 3077 umquam

158 3104 224 3162 Nec
245 3102 378 3162 diffidere
398 3120 437 3162 ne
457 3112 547 3162 terras
567 3111 687 3161 aeterna
707 3108 822 3159 teneret
1088 3101 1148 3174 980

159 3198 228 3258 Nox
247 3196 278 3255 in
297 3206 473 3273 perpetuum
493 3196 625 3256 detracto
645 3192 759 3253 lumine
778 3191 857 3251 solis.

158 3291 215 3352 Sed
236 3290 330 3368 magis
349 3290 422 3349 illud
443 3300 504 3350 erat
524 3307 619 3361 curae,
641 3287 725 3363 quod
745 3286 844 3345 saecla
862 3285 989 3346 serarum

160 3390 301 3449 Infestam
321 3385 433 3447 miseris
452 3385 600 3445 faciebant
619 3402 708 3460 saepe
728 3382 866 3459 quietem
