2642 3867
490 217 630 277 LIBER
660 217 866 293 QUINTUS.
1136 238 1171 294 37

185 346 223 405 Et
245 344 333 404 simul
353 343 385 403 in
406 342 519 404 somnis
539 341 609 418 quia
630 345 725 404 multa
744 355 774 404 et
795 344 869 403 mira
888 342 1029 403 videbant

184 440 309 499 Efficere
329 449 359 499 et
379 439 495 498 nullum
515 457 622 514 capere
641 437 722 515 ipsos
743 438 814 499 inde
833 439 973 498 laborem.

183 538 338 595 Praeterea
357 533 431 596 caeli
450 535 580 595 rationes
601 535 705 596 ordine
725 547 806 597 certo

184 633 223 691 Et
243 630 322 691 varia
342 649 488 690 annorum
509 632 672 689 cernebant
692 640 829 707 tempora
848 630 921 692 verti

183 729 249 788 Nec
268 737 406 804 poterant
425 726 532 802 quibus
553 725 584 786 id
604 727 689 803 fieret
709 746 888 804 cognoscere
908 729 1011 788 causis.
1097 731 1171 807 ¹¹85

182 825 261 900 Ergo
281 821 446 899 perfugium
467 820 524 881 sibi
544 822 696 883 habebant
717 823 818 883 omnia
837 823 913 883 divis

181 922 311 981 Tradere
332 929 361 979 et
381 917 498 979 illorum
519 929 594 978 nutu
615 921 713 980 facere
733 919 834 980 omnia
854 921 940 981 flecti.

182 1018 219 1076 In
239 1017 382 1091 caeloque
403 1016 492 1075 deum
513 1016 599 1075 sedes
620 1025 651 1075 et
670 1018 783 1093 templa
803 1020 946 1093 locarunt,

182 1116 238 1173 Per
257 1114 373 1173 caelum
393 1109 471 1171 volvi
491 1110 562 1187 quia
583 1130 643 1171 nox
663 1123 693 1172 et
713 1113 785 1173 luna
804 1114 933 1189 videtur,

182 1210 267 1267 Luna
286 1206 349 1268 dies
370 1217 400 1266 et
421 1225 481 1266 nox
501 1216 532 1265 et
552 1206 648 1267 noctis
669 1207 754 1285 signa
773 1227 875 1269 severa
1098 1231 1174 1289 1190

182 1303 421 1380 Noctivagaeque
441 1302 521 1361 faces
541 1299 615 1362 caeli
639 1302 834 1379 flammaeque
854 1306 999 1377 volantes,

181 1398 293 1459 Nubila
312 1401 357 1459 sol
377 1398 486 1458 imbres
506 1397 558 1457 nix
578 1399 659 1459 venti
681 1400 805 1460 fulmina
824 1403 938 1477 grando

182 1497 221 1555 Et
240 1496 335 1573 rapidi
355 1495 487 1556 fremitus
508 1506 538 1555 et
559 1514 708 1557 murmura
728 1516 835 1574 magna
855 1498 1010 1558 minarum

222 1594 250 1655 Ο
270 1611 362 1669 genus
382 1590 483 1651 infelix
502 1592 674 1666 humanum,
697 1592 768 1652 talia
787 1593 863 1653 divis

181 1690 260 1749 Cum
280 1686 382 1747 tribuit
401 1688 479 1747 facta
499 1697 591 1764 atque
611 1689 669 1747 iras
688 1688 823 1747 adiunxit
843 1689 984 1748 acerbas!
1096 1707 1170 1766 1195

181 1785 318 1859 Quantos
338 1794 402 1844 tum
422 1783 548 1861 gemitus
569 1782 625 1859 ipsi
646 1782 711 1854 sibi,
732 1793 904 1860 quantaque
927 1784 1013 1843 nobis

180 1881 319 1952 Volnera,
340 1899 414 1956 quas
434 1877 568 1941 lacrimas
588 1898 729 1957 peperere
750 1879 907 1939 minoribu’
929 1881 1055 1939 nostris!

181 1978 246 2036 Nec
266 1974 360 2053 pietas
380 1976 467 2034 ullast
486 1977 615 2035 velatum
637 1994 729 2052 saepe
749 1974 842 2035 videri

180 2073 295 2137 Vertier
314 2075 353 2134 ad
373 2072 503 2149 lapidem
524 2085 613 2149 atque
635 2090 739 2132 omnes
760 2073 902 2132 accedere
923 2072 962 2131 ad
982 2092 1047 2131 aras

181 2173 247 2232 Nec
260 2171 452 2248 procumbere
466 2168 548 2229 humi
561 2180 739 2247 prostratum
753 2179 783 2229 et
797 2169 927 2245 pandere
941 2170 1054 2244 palmas
1097 2188 1172 2225 1200

180 2272 259 2328 Ante
279 2268 368 2328 deum
389 2268 511 2326 delubra
532 2284 587 2325 nec
608 2285 672 2324 aras
693 2265 836 2341 sanguine
856 2267 950 2325 multo

181 2365 321 2440 Spargere
342 2363 569 2439 quadrupedum
590 2381 647 2421 nec
668 2363 744 2423 votis
764 2373 883 2422 nectere
904 2373 983 2436 vota,

180 2462 241 2521 Sed
260 2478 347 2535 mage
365 2468 471 2535 pacata
491 2477 579 2534 posse
600 2458 702 2518 omnia
723 2472 823 2519 mente
843 2459 926 2518 tueri.

181 2560 259 2616 Nam
280 2573 349 2615 cum
369 2553 545 2629 suspicimus
565 2554 666 2630 magni
686 2554 824 2614 caelestia
844 2554 949 2613 mundi

180 2652 314 2727 Templa,
336 2668 423 2726 super
443 2649 591 2724 stellisque
612 2649 789 2707 micantibus
809 2651 929 2709 aethera
949 2651 1049 2724 fixum,
1096 2669 1169 2728 1205

180 2751 220 2809 Et
240 2746 320 2808 venit
340 2746 371 2805 in
392 2756 522 2806 mentem
543 2746 613 2805 solis
634 2747 782 2821 lunaeque
801 2745 920 2818 viarum,

180 2847 267 2904 Tunc
287 2843 350 2903 aliis
371 2860 513 2920 oppressa
533 2840 618 2901 malis
638 2840 671 2899 in
691 2852 815 2917 pectora
834 2860 903 2900 cura

182 2945 237 3003 Illa
256 2958 376 3019 quoque
396 2940 632 3015 expergefactum
653 2949 742 3015 caput
763 2937 873 3015 erigere
892 2938 966 3012 infit,

182 3042 307 3117 Nequae
326 3039 400 3096 forte
420 3037 511 3097 deum
531 3033 619 3095 nobis
640 3034 775 3095 inmensa
795 3045 928 3112 potestas

180 3137 232 3209 Sit,
253 3132 334 3195 vario
354 3143 438 3191 motu
459 3150 535 3207 quae
555 3130 685 3191 candida
704 3129 802 3190 sidera
821 3140 925 3189 verset
1096 3148 1172 3188 1210

181 3236 322 3309 Temptat
342 3230 421 3290 enim
442 3227 564 3287 dubiam
585 3239 716 3289 mentem
736 3226 858 3287 rationis
879 3236 1002 3303 egestas,

181 3331 372 3405 Ecquaenam
393 3323 478 3384 fuerit
499 3321 603 3382 mundi
623 3321 759 3399 genitalis
779 3319 871 3396 origo,

182 3428 221 3487 Et
241 3424 328 3483 simul
348 3440 461 3498 ecquae
482 3417 519 3479 sit
538 3417 614 3491 finis,
635 3418 736 3495 quoad
756 3416 876 3477 moenia
895 3415 998 3475 mundi
