2642 3867
467 204 608 263 arana
639 204 847 278 QUINTUS.
1115 219 1150 275 η

163 334 222 389 Aut
242 330 332 389 alium
352 331 460 403 subter,
480 342 583 391 contra
603 330 654 407 qui
675 331 817 392 subvehat
837 331 949 403 orbern,
1095 346 1150 406 515

162 426 205 485 Ut
225 424 330 484 fluvios
349 444 464 485 versare
484 437 564 486 rotas
585 436 677 501 atque
697 421 817 485 haus‘tra
836 426 977 485 videmus

161 522 215 581 Est
235 520 324 581 etiam
344 540 464 598 quoque
483 522 527 582 uti
547 522 640 599 possit
660 524 776 582 caelum
796 541 886 582 omne
906 541 1025 582 manere

162 620 197 677 In
218 618 345 680 statione
366 630 466 679 tamen
487 639 555 680 cum
576 619 677 679 lucida
697 618 781 697 signa
800 622 946 691 ferantur;

160 715 228 775 Sive
248 716 332 791 quod
351 714 456 775 inclusi
477 714 573 793 rapidi
593 725 662 775 sunt
682 715 809 775 aetheris
828 728 927 776 aestus

161 811 403 887 Quaerentesque
423 810 501 870 viam
523 811 633 870 circum
653 821 807 872 versantur
826 823 856 871 et
877 811 960 887 ignes
1097 829 1153 880 520

161 907 275 967 Passim
295 928 348 986 per
367 909 442 969 caeli
461 912 584 969 volvunt
604 910 776 971 Summania
796 912 926 987 templa3

161 1002 228 1064 Sive
247 1005 367 1065 aliunde
388 1005 483 1065 fluens
503 1004 643 1065 alicunde
664 1005 844 1066 extrinsecus
865 1024 916 1065 aer

160 1102 266 1160 Versat
286 1120 377 1177 agens
397 1100 498 1177 ignes3
527 1100 587 1161 sive
608 1100 667 1177 ipsi
688 1120 804 1177 serpere
824 1112 948 1177 possunt

161 1197 231 1272 Quo
250 1195 392 1271 cuiusque
412 1194 496 1255 cibus
516 1206 604 1256 vocat
624 1207 716 1272 atque
736 1195 840 1255 invitat
861 1208 973 1268 euntes,

161 1293 315 1351 Flammea
334 1310 387 1367 per
407 1293 522 1350 caelum
544 1302 700 1367 pascentes
721 1310 845 1367 corpora
864 1292 983 1369 passim.
1097 1310 1152 1369 525

163 1390 242 1446 Nam
263 1385 335 1463 quid
355 1386 385 1446 in
406 1387 465 1446 hoc
485 1388 599 1445 mundo
620 1385 657 1445 sit
679 1404 781 1445 eorum
802 1404 914 1463 ponere
934 1398 1046 1448 certum

163 1483 291 1544 Difficile
311 1494 373 1557 est3
401 1485 454 1545 sed
475 1484 547 1560 quid
567 1483 662 1561 possit
682 1486 793 1560 fiatque
813 1502 866 1559 per
885 1503 976 1544 omne

164 1582 200 1638 ln
220 1578 306 1637 variis
326 1578 445 1638 mundis
465 1577 545 1637 varia
565 1576 678 1637 ratione
698 1576 813 1650 creatis,

162 1676 201 1736 Id
221 1675 317 1736 doceo
337 1677 495 1752 pluresque
515 1694 622 1752 sequor
643 1674 800 1752 disponere
820 1694 932 1747 causas,

163 1772 298 1832 Motibus
317 1783 460 1832 astrorum
481 1790 559 1848 quae
580 1770 697 1847 possint
716 1789 781 1830 esse
802 1789 855 1846 per
875 1788 985 1842 omne3
1099 1786 1156 1847 530

162 1871 189 1927 E
210 1868 318 1945 quibus
338 1888 399 1929 una
419 1879 520 1929 tamen
542 1867 578 1928 sit
598 1868 629 1928 in
650 1869 709 1929 hoc
731 1887 851 1945 quoque
872 1888 962 1927 causa
982 1883 1130 1943 necessest

162 1965 250 2039 Quae
269 1976 374 2041 vegeat
393 1976 508 2025 motum
530 1965 642 2042 signis3
665 1968 719 2026 sed
741 1984 817 2042 quae
838 1966 875 2025 sit
896 1984 998 2025 earum

163 2058 336 2137 Praecipere
357 2062 616 2137 haudquaquamst
637 2060 854 2138 pedetemptim
873 2060 1094 2137 progredientis.

203 2157 353 2233 Terraque
374 2169 406 2217 ut
426 2158 458 2216 in
479 2156 578 2218 media
598 2156 702 2217 mundi
722 2156 843 2235 regione
864 2156 1004 2233 quiescat,

164 2257 348 2315 Evanescere
372 2252 514 2330 paulatim
536 2264 565 2315 et
586 2254 758 2315 decrescere
778 2254 897 2331 pondus
1098 2271 1155 2330 535

163 2352 320 2423 Convenit,
341 2361 430 2428 atque
445 2351 538 2411 'aliam
559 2363 694 2412 naturam
716 2352 817 2411 subter
837 2351 946 2410 habere

163 2452 211 2509 Ex
229 2448 350 2509 ineunte
370 2468 444 2509 aevo
465 2448 654 2509 coniunctam
675 2459 765 2525 atque
785 2446 881 2509 uniter
900 2458 1002 2529 aptam

164 2545 299 2606 Partibus
320 2545 405 2605 aeriis
426 2546 529 2605 mundi
550 2546 657 2623 quibus
679 2545 766 2605 insita
788 2543 868 2605 vivit

163 2645 325 2718 Propterea
345 2662 407 2703 non
427 2652 472 2703 est
493 2643 576 2704 oneri
596 2661 695 2719 neque
715 2640 854 2719 deprimit
875 2659 982 2715 auras3

164 2741 208 2801 Ut
229 2758 281 2799 sua
301 2738 407 2817 cuique
427 2740 541 2800 homini
560 2742 643 2800 nullo
664 2750 733 2799 sunt
752 2739 885 2815 pondere
905 2740 1039 2799 membra
1101 2755 1158 2813 540

165 2836 339 2912 Nec'caput
360 2846 404 2895 est
425 2835 507 2896 oneri
528 2838 607 2896 collo
627 2854 685 2897 nec
705 2834 835 2912 denique
854 2846 952 2894 totum
982 2859 985 2863 ·

163 2930 304 3007 Corporis
324 2930 356 2989 in
376 2930 503 3007 pedibus
524 2931 644 3008 pondus
665 2929 809 2991 sentimus
829 2929 926 2989 inesse
937 2950 947 3003 ς

166 3030 205 3085 At
225 3044 429 3110 quaecumque
449 3024 520 3086 foris
539 3027 664 3087 veniunt
684 3026 872 3102 impostaque
893 3022 979 3084 nobis

165 3121 302 3181 Pondera
321 3132 391 3181 sunt
407 3123 537 3194 laedunt,
559 3122 708 3198 permulto
728 3140 817 3197 saepe
837 3121 958 3180 minora

165 3218 271 3293 Usque
291 3218 369 3277 adeo
389 3217 488 3295 magni
506 3219 594 3278 refert
614 3217 687 3294 quid
708 3236 844 3294 quaeque
865 3217 955 3277 obeat
975 3234 1030 3275 res.
1099 3232 1156 3291 545

164 3312 214 3375 Sic
234 3312 321 3391 igitur
342 3315 429 3374 tellus
450 3333 512 3375 non
533 3307 579 3374 est
599 3314 696 3374 aliena
716 3323 839 3389 repente

166 3412 264 3471 Allata
284 3422 373 3488 atque
394 3411 469 3471 auris
490 3412 610 3471 aliunde
631 3410 749 3471 obiecta
769 3410 880 3481 alienis,
