2642 3867
158 213 194 267 42
415 195 482 253 DE
508 194 680 253 RERUM
699 194 884 254 NATURA

156 322 222 381 Nec
241 319 355 381 ratione
374 319 433 379 alia
452 328 578 396 possunt
597 328 659 378 tam
680 318 758 379 levia
776 318 857 396 gigni

156 417 260 477 Insilia
279 437 315 477 ac
334 416 398 488 susi,
420 414 495 477 radii
516 414 658 492 scapique
678 426 826 475 sonantes.

156 517 194 575 Et
213 515 309 574 facere
328 524 398 573 ante
417 510 495 573 viros
515 512 615 571 lanam
636 521 741 570 natura
760 511 859 586 coegit

156 613 255 688 Quam
274 609 418 670 muliebre
437 627 548 686 genus;
574 626 645 667 nam
665 608 754 684 longe
774 617 905 682 praestat
924 606 957 667 in
976 619 1039 669 arte
1071 626 1146 686 1355

155 712 194 769 Et
214 708 359 769 sollertius
379 717 424 767 est
444 707 538 765 multo
558 724 650 782 genus
672 724 762 765 omne
781 702 863 765 virile
873 726 882 779 3

155 807 309 884 Agricolae
330 805 427 865 donec
446 802 519 865 vitio
537 814 650 863 vertere
671 802 773 877 severi,

156 906 201 965 Ut
220 900 410 963 muliebribus
430 900 463 960 id
482 898 618 959 manibus
639 900 805 959 concedere
825 900 935 959 vellent

155 1004 255 1079 Atque
274 997 330 1076 ipsi
350 997 459 1076 pariter
479 997 584 1057 durum
605 998 724 1057 sufferre
743 997 875 1057 laborem

156 1102 255 1175 Atque
274 1114 364 1173 opere
385 1093 416 1153 in
436 1095 511 1155 duro
532 1095 670 1154 durarent
690 1093 822 1153 membra
842 1112 1014 1170 manusque
1073 1095 1150 1166 1360

196 1198 236 1255 At
256 1191 407 1270 specimen
427 1188 550 1251 sationis
571 1201 600 1251 et
620 1187 767 1250 insitionis
787 1188 870 1267 origo

157 1294 228 1369 Ipsa
246 1288 301 1350 snit
321 1307 417 1349 rerum
438 1286 567 1364 primum
587 1298 694 1347 natura
713 1286 843 1360 creatrix,

157 1384 318 1447 Arboribus
338 1384 479 1462 qnoniam
498 1383 590 1443 bacae
609 1382 792 1460 glandesque
812 1382 943 1442 caducae

157 1479 349 1558 Tempestiva
367 1478 480 1539 dabant
499 1479 645 1555 pullorum
667 1476 803 1537 examina
822 1477 922 1537 subter
932 1498 942 1550 3

158 1579 250 1639 Unde
270 1574 360 1636 etiam
380 1572 525 1634 libitumst
546 1572 651 1649 stirpes
671 1571 856 1632 committere
876 1570 964 1631 ramis

157 1677 196 1734 Et
216 1691 295 1732 nova
314 1671 454 1731 defodere
474 1667 505 1728 in
525 1678 632 1728 terram
652 1667 778 1746 virgulta
797 1687 851 1745 per
870 1687 963 1745 agros.

161 1769 238 1829 Inde
257 1765 345 1826 aliam
366 1776 455 1842 atque
476 1763 564 1824 aliam
584 1765 730 1824 culturam
750 1764 846 1824 dulcis
866 1766 952 1842 agelli

157 1865 359 1943 Temptabant
379 1864 546 1940 fructusque
566 1863 643 1924 feros
663 1881 869 1923 mansuescere
888 1872 995 1922 terram

159 1964 328 2027 Cemebant
347 1960 530 2037 indulgendo
549 1959 720 2036 blandeque
740 1959 876 2021 colendo.

159 2064 256 2139 Inque
275 2058 339 2121 dies
359 2057 452 2135 magis
471 2056 503 2117 in
523 2068 656 2117 montem
676 2058 835 2118 succedere
855 2056 942 2117 silvas

159 2159 314 2236 Cogebant
333 2154 466 2232 infraque
486 2155 586 2214 locum
606 2155 772 2215 concedere
792 2154 886 2226 cultis,

159 2260 247 2317 Prata
265 2256 347 2316 lacus
367 2251 446 2312 rivos
466 2262 580 2329 segetes
599 2249 757 2328 vinetaque
777 2251 855 2311 laeta

160 2354 292 2417 Collibus
312 2361 343 2412 et
362 2350 475 2427 campis
495 2359 528 2409 ut
547 2348 698 2420 haberent,
719 2358 809 2425 atque
829 2348 959 2409 olearum

160 2453 286 2515 Caerula
305 2449 487 2526 distinguens
508 2447 585 2508 inter
604 2448 693 2522 plaga
712 2463 827 2505 currere
846 2456 948 2521 posset

147 2554 216 2611 -Per
235 2549 364 2609 tumulos
384 2556 415 2607 et
435 2544 584 2605 convalles
604 2560 787 2619 camposque
806 2541 925 2618 profusa
934 2562 944 2615 ;

160 2650 203 2709 Ut
223 2664 303 2706 nunc
323 2661 388 2703 esse
407 2638 490 2700 vides
510 2638 591 2699 vario
612 2637 751 2699 distincta
771 2639 872 2714 lepore

160 2744 277 2815 Omnia,
299 2758 376 2818 quae
396 2735 493 2815 pomis
513 2734 645 2798 intersita
664 2735 801 2795 dulcibus
822 2744 927 2803 omant

160 2838 352 2916 Arbustisque
372 2844 476 2896 tenent
496 2832 631 2893 felicibus
652 2831 750 2892 obsita
769 2832 888 2891 circum.

199 2940 239 2998 At
258 2932 384 3010 liquidas
405 2930 504 2990 avium
524 2946 613 2989 voces
634 2927 774 2987 imitarier
794 2946 845 2988 ore

161 3038 240 3093 Ante
258 3031 313 3091 ruit
333 3028 428 3088 multo
448 3044 537 3103 quam
557 3023 634 3084 levia
653 3022 785 3083 carmina
804 3031 894 3082 cantu

161 3127 375 3193 Concelebrare
395 3119 531 3182 homiues
551 3128 674 3196 possent
693 3135 837 3195 auresque
856 3116 963 3176 iuvare.

161 3230 200 3287 Et
220 3220 346 3301 zephyri,
368 3237 441 3279 cava
462 3237 515 3295 per
535 3219 726 3289 calamorum,
747 3213 833 3276 sibila
852 3212 980 3291 primum

159 3325 297 3399 Agrestes
318 3318 445 3377 docuere
465 3333 553 3374 cavas
572 3312 675 3373 inflare
693 3312 813 3372 cicutas

162 3419 239 3479 Inde
259 3412 427 3475 minutatim
448 3412 549 3472 dulces
569 3409 701 3471 didicere
720 3410 873 3485 querellas,
