2642 3867
150 215 165 254 a
409 190 476 247 DE
502 186 674 246 RERUM
695 186 885 245 NATURA

150 318 257 381 Dulcia
275 317 461 396 permulcent
481 316 596 403 animos
616 312 727 373 solacia
744 311 830 372 vitae.

152 412 288 477 Herculis
308 411 449 473 antistare
468 420 568 473 autem
589 408 615 471 si
634 410 713 469 taeta
731 407 859 485 putabis,

150 513 281 591 Longius
301 529 320 570 a
338 529 410 571 vera
429 510 526 570 multo
545 506 659 568 ratione
674 508 781 590 ¹ferere.

150 610 233 688 Quid
253 610 423 669 Nemeaeus
443 603 523 665 enirn
543 603 629 665 nobis
650 623 731 666 nunc
750 622 874 681 magnus
894 602 995 663 hiatus

151 710 207 769 Ille
227 704 322 767 leonis
342 704 462 765 obesset
481 711 512 763 et
531 702 653 763 horrens
674 690 818 760 Arcadius
839 703 908 760 sus?
1118 716 1156 776 ²5

151 801 291 879 Denique
311 798 384 877 quid
406 799 512 859 Cretae
532 808 632 857 taurus
652 796 847 872 Lernaeaque
867 793 961 872 pestis

152 899 260 978 Hydra
278 891 432 957 venenatis
451 901 554 970 posset
573 891 682 951 vallata
701 890 853 953 colubris?

152 993 272 1072 Quidve
292 991 449 1069 tripectora
468 985 622 1066 tergemini
641 985 686 1047 vis
707 985 866 1065 Geryonai,

157 1093 240 1170 Quid
256 1092 380 1151 volucres
392 1088 498 1165 pennis
516 1086 624 1145 aeratis
644 1085 725 1144 invia
745 1092 852 1161 stagna

153 1190 254 1246 Tanto
274 1203 364 1261 opere
385 1184 535 1243 officerent
554 1178 639 1242 nobis
659 1181 833 1258 Stymphala
852 1184 995 1260 colentes,
1026 1249 1032 1264 ,

155 1286 195 1343 Et
215 1280 370 1343 Diomedis
391 1280 460 1357 equi
480 1276 623 1355 spirantes
644 1277 764 1339 naribus
784 1279 884 1358 ignem
1116 1306 1159 1363 30

154 1379 277 1440 Thracis
298 1376 504 1452 Bistoniasque
524 1376 625 1452 plagas
645 1384 735 1451 atque
757 1378 871 1438 Ismara
889 1382 1033 1457 propter?

155 1479 312 1549 Aureaque
333 1470 537 1548 Hesperidum
557 1490 676 1531 servans
696 1472 840 1548 fulgentia
860 1477 949 1548 mala,

155 1575 259 1649 Asper,
280 1571 387 1631 acerba
406 1579 500 1641 tuens,
522 1566 644 1627 immani
665 1585 789 1644 corpore
808 1588 932 1647 serpens

157 1667 279 1731 Arboris
298 1668 451 1743 amplexus
471 1665 591 1741 stirpem
612 1662 686 1741 quid
707 1663 836 1741 denique
856 1669 977 1729 obesset

157 1767 280 1841 Propter
299 1764 471 1822 Atlanteum
491 1759 559 1820 litus
579 1761 745 1837 pelageque
766 1778 883 1834 sonora,
1117 1789 1135 1845 3
1140 1787 1157 1846 5

159 1862 228 1935 Quo
248 1877 345 1936 neque
366 1867 466 1917 noster
484 1855 546 1916 adit
567 1854 726 1931 quisquam
747 1874 805 1916 nec
824 1857 965 1919 barbarus
986 1862 1104 1922 audet?

159 1960 266 2020 Cetera
286 1957 324 2015 de
344 1970 451 2031 genere
471 1954 530 2013 hoc
550 1971 626 2029 quae
647 1962 716 2011 sunt
735 1963 875 2028 portenta
894 1967 1060 2033 perempta,

159 2052 190 2113 Si
209 2070 271 2112 non
290 2050 369 2110 vieta
388 2050 491 2121 forent,
513 2048 586 2123 quid
606 2048 728 2107 tandem
747 2045 814 2107 viva
835 2054 1001 2111 nocerent?

160 2148 220 2221 Nil,
240 2157 273 2206 ut
293 2144 415 2222 opinor:
441 2142 484 2204 ita
503 2145 543 2205 ad
563 2143 697 2204 satiatem
718 2152 796 2203 terra
815 2145 943 2204 ferarum

161 2248 249 2305 Nunc
269 2243 359 2304 etiam
379 2241 465 2301 scatit
485 2253 515 2303 et
535 2242 650 2319 trepido
670 2252 780 2302 terrore
800 2245 915 2319 repleta
935 2255 980 2305 est
1119 2271 1160 2322 40

161 2343 218 2400 Per
238 2357 360 2399 nemora
379 2356 415 2397 ac
435 2347 552 2398 montes
572 2354 696 2415 magnos
716 2336 866 2414 silvasque
885 2340 1049 2415 profundas
1058 2364 1068 2418 ;

162 2438 247 2512 Quae
266 2437 333 2496 loca
351 2433 464 2495 vitandi
484 2436 660 2512 plemmque
679 2446 725 2495 est
745 2445 846 2496 nostra
865 2447 1006 2514 potestas

161 2534 202 2591 At
221 2530 278 2591 nisi
297 2541 479 2609 purgatumst
499 2542 611 2608 pectus,
633 2550 710 2609 quae
730 2532 843 2608 proelia
862 2532 951 2595 uobis

162 2633 262 2707 Atque
281 2631 410 2707 pericula
428 2640 520 2691 tumst
539 2628 657 2707 ingratis
677 2630 908 2694 insinuandum!

164 2727 301 2800 Quantae
320 2736 384 2786 tum
405 2724 544 2786 scindunt
563 2723 716 2785 hominem
736 2725 915 2803 cuppedinis
934 2746 1016 2790 acres
1120 2754 1159 2813 45

164 2822 325 2883 Sollicitum
345 2841 432 2883 curae
452 2820 613 2899 quantique
633 2820 757 2898 perinde
777 2821 917 2885 timoresi

165 2915 283 2991 Quidve
303 2917 441 2996 superbia
461 2916 601 2995 spurcitia
620 2937 657 2978 ac
678 2917 864 2995 petulantia?
891 2930 1018 2998 quantas

166 3011 304 3075 Efficiunt
324 3016 440 3076 clades!
467 3013 540 3092 quid
559 3014 645 3074 luxus
666 3012 880 3093 desidiaeque?

166 3110 254 3169 Haec
273 3109 361 3188 igitur
380 3110 432 3188 qui
451 3121 560 3171 cuncta
579 3109 727 3187 subegerit
747 3129 785 3170 ex
804 3112 964 3190 animoque

167 3206 320 3283 Expulerit
339 3205 435 3282 dictis,
456 3226 518 3268 non
539 3206 635 3283 armis,
657 3226 759 3269 nonne
779 3208 899 3271 decebit
1124 3234 1167 3295 50·

168 3301 261 3361 Hunc
279 3300 432 3363 hominem
452 3301 576 3363 nurnero
597 3302 698 3364 divom
719 3303 866 3381 dignarier
885 3309 973 3366 esse?

168 3397 246 3458 Cum
266 3398 344 3458 bene
364 3396 535 3473 praesertim
555 3400 648 3459 multa
668 3419 704 3460 ac
724 3400 865 3461 divinitus
885 3402 957 3479 ipsis
