2642 3867
167 180 203 233 14
423 165 490 221 DE
515 164 689 223 RERUM
709 165 897 224 NATURA

204 292 264 353 Sed
284 295 390 370 quibus
411 295 461 354 ille
481 292 579 353 modis
600 292 753 354 coniectus
772 294 904 355 materiai

165 390 307 451 Fundarit
327 400 434 450 terram
454 399 485 451 et
504 392 619 449 caelum
640 392 785 467 pontique
805 392 960 468 profunda,

165 485 241 548 Solis
261 488 341 547 lunai
362 504 474 559 cursus,
496 505 533 547 ex
552 486 657 548 ordine
677 505 797 563 ponam

166 584 245 643 Nam
265 594 343 645 certe
362 601 461 659 neque
480 581 606 643 cumdio
626 580 790 659 primordia
809 602 906 643 rerum

166 681 280 743 Ordine
300 699 333 744 se
353 700 406 741 suo
427 698 562 757 quaeque
583 678 682 755 sagaci
703 689 804 740 mente
823 682 959 742 locarunt
1100 702 1160 754 4²0

167 780 232 839 Nec
253 797 327 856 quos
347 796 484 855 quaeque
504 778 610 838 darent
630 786 728 836 motus
749 776 890 854 pepigere
910 780 1052 856 prolecto,

165 876 225 935 Sed
245 874 315 952 quia
334 876 428 935 multa
447 872 545 935 modis
565 872 665 933 multis
684 872 846 950 primordia
863 894 960 936 rerum

167 973 213 1031 Ex
232 970 349 1032 infinito
368 970 428 1031 iam
447 982 582 1047 tempore
602 969 715 1047 percita
734 968 828 1049 plagis

167 1067 413 1146 Ponderibusque
434 1068 495 1129 suis
515 1078 696 1129 consuerunt
717 1068 836 1128 concita
854 1068 922 1130 ferri

168 1164 418 1243 omnimodisque
438 1164 518 1226 coire
538 1177 627 1241 atque
648 1163 751 1224 omnia
770 1177 976 1244 pertemptare,
1101 1185 1160 1245 425

168 1263 381 1340 Quaecumque
401 1262 478 1324 inter
497 1281 529 1323 se
549 1275 672 1340 possent
693 1281 851 1340 congressa
869 1284 977 1337 creare,

169 1361 329 1437 Propterea
349 1361 381 1420 fit
401 1360 445 1420 uti
466 1378 607 1436 magnum
628 1362 747 1438 volgata
766 1380 820 1438 per
840 1380 946 1423 aevom

169 1458 268 1519 Omne
288 1475 381 1533 genus
402 1468 504 1518 coetus
524 1468 555 1519 et
575 1468 674 1518 motus
695 1460 879 1535 experiundo

169 1554 306 1614 Tandem
327 1553 505 1615 conveniant
525 1573 561 1615 ea
581 1574 657 1631 quae
677 1566 822 1618 convecta
841 1566 963 1633 repente

170 1653 345 1729 Magnarum
366 1671 463 1712 rerum
484 1652 559 1711 fiunt
579 1652 702 1712 exordia
721 1672 820 1730 saepe,
1103 1672 1163 1729 430

170 1746 271 1808 Terrai
291 1746 379 1807 maris
400 1758 430 1807 et
450 1747 525 1809 caeli
545 1747 721 1825 generisque
741 1748 935 1809 animantum.

211 1843 273 1904 Hic
293 1863 391 1921 neque
411 1854 474 1903 tum
495 1844 565 1903 solis
585 1854 650 1903 rota
670 1843 751 1905 cerni
771 1844 883 1904 lumine
904 1846 985 1923 largo

169 1940 335 2001 Altivolans
354 1951 471 2019 poterat
491 1960 548 2002 nec
568 1941 669 2019 magni
689 1942 786 2003 sidera
804 1943 909 2004 mundi

171 2040 237 2099 Nec
257 2057 337 2098 mare
357 2056 413 2099 nec
433 2040 548 2098 caelum
567 2058 625 2101 nec
644 2038 775 2117 denique
794 2050 871 2101 terra
890 2059 989 2118 neque
1007 2060 1057 2102 aer

170 2136 237 2196 Nec
257 2132 359 2194 similis
379 2134 486 2195 nostris
507 2138 595 2197 rebus
614 2154 662 2195 res
682 2137 742 2195 ulla
760 2135 862 2209 videri,
966 2187 968 2192 ⁴
1105 2154 1161 2213 435

169 2232 230 2291 Sed
250 2250 329 2293 nova
348 2240 508 2307 tempestas
528 2233 676 2308 quaedam
696 2232 850 2309 molesque
871 2242 974 2293 coorta

170 2328 271 2388 Omne
290 2345 384 2405 genus
404 2327 443 2387 de
463 2325 623 2404 principiis,
645 2327 795 2389 discordia
815 2347 943 2404 quorum

171 2424 329 2485 Intervalla
348 2421 410 2484 vias
430 2442 559 2485 conexus
579 2427 713 2503 pondera
733 2426 834 2503 plagas

171 2524 342 2584 Concursus
363 2532 462 2582 motus
482 2521 620 2582 turbabat
640 2521 754 2599 proelia
773 2520 911 2594 miscens,

172 2622 297 2696 Propter
316 2616 473 2679 dissimiles
493 2619 604 2679 formas
624 2617 780 2697 variasque
800 2620 906 2697 figuras
1105 2639 1164 2691 440

172 2716 263 2792 Quod
283 2734 346 2775 non
366 2714 468 2775 omnia
487 2712 530 2774 sic
549 2724 687 2791 poterant
707 2713 866 2777 coniuncta
887 2734 1006 2777 manere

173 2814 238 2873 Nec
258 2822 357 2873 motus
377 2810 454 2874 inter
473 2829 539 2872 sese
558 2812 630 2872 dare
650 2809 870 2873 convenientes

173 2910 324 2989 Diffugere
344 2908 416 2969 inde
435 2906 495 2969 loci
514 2918 613 2985 partes
633 2927 761 2987 coepere
780 2929 926 2987 paresque

173 3009 250 3069 Cum
270 3004 389 3084 paribus
408 3004 489 3084 iungi
509 3024 555 3065 res
575 3014 606 3066 et
625 3004 793 3068 discludere
812 3008 956 3067 mundum

174 3102 371 3181 Membraque
390 3098 522 3164 dividere
541 3112 572 3162 et
591 3121 714 3181 magnas
734 3104 893 3181 disponere
912 3113 1018 3181 partes,
1108 3122 1163 3181 445

174 3202 245 3260 Hoc
264 3208 318 3272 est,
338 3217 358 3258 a
377 3196 460 3259 terris
481 3198 573 3257 altum
593 3216 746 3259 secernere
765 3199 891 3273 caelum,

174 3299 214 3356 Et
232 3314 347 3358 sorsum
367 3312 449 3355 mare
468 3293 511 3354 nti
532 3304 647 3355 secreto
667 3314 770 3356 umore
790 3307 913 3373 pateret,

173 3398 293 3456 Seorsus
313 3393 385 3454 item
405 3392 470 3470 puri
490 3393 654 3470 secretique
675 3393 802 3455 aetheris
822 3393 912 3472 ignes
