2642 3867
145 192 180 231 22
402 172 470 229 DE
496 170 669 228 RERUM
690 167 876 227 NATURA

143 301 203 359 Aut
224 297 293 376 quia
314 300 358 358 sol
378 297 457 359 idem
479 299 533 357 sub
554 308 645 357 terras
666 306 756 372 atque
776 314 902 371 superne

144 394 309 473 Imparibus
329 415 448 456 currens
468 393 657 454 amfractibus
678 392 804 453 aetheris
824 410 891 451 oras

143 490 236 551 Partit
255 502 286 551 et
305 488 336 549 in
356 500 454 567 partes
474 509 536 550 non
556 507 665 566 aequas
686 487 792 549 dividit
812 489 924 561 orbern,

145 588 183 645 Et
203 585 284 663 quod
304 586 342 645 ab
363 587 502 646 alterutra
521 583 646 645 detraxit
667 594 759 661 parte,
780 581 897 659 reponit
1075 584 1132 657 685

145 680 216 742 Eius
236 682 267 741 in
287 683 410 743 adversa
429 692 513 743 tanto
533 684 599 759 plus
620 692 704 758 parte
724 681 841 752 relatus,

146 782 253 841 Donec
272 782 311 841 ad
331 779 362 840 id
383 780 500 857 signum
520 778 594 839 caeli
614 778 756 856 pervenit,
777 778 829 838 ubi
849 776 920 837 anni

147 878 253 939 Nodus
273 887 431 937 nocturnas
452 884 597 951 exaequat
617 874 731 935 lucibus
751 876 877 934 umbras.

146 977 234 1047 Nam,
257 973 356 1035 medio
375 993 461 1033 cursu
481 972 566 1032 flatus
587 970 733 1048 aquilonis
754 981 784 1031 et
804 970 902 1044 austri,

148 1070 275 1131 Distinet
295 1080 424 1147 aequato
444 1070 559 1128 caelum
580 1067 749 1129 discrimine
769 1078 862 1127 metas
1076 1070 1136 1141 690

146 1167 269 1241 Propter
288 1163 415 1241 signiferi
435 1160 597 1239 posituram
618 1161 709 1222 totius
729 1160 817 1234 orbis,

147 1265 255 1322 Annua
273 1264 318 1323 sol
337 1262 368 1320 in
389 1280 449 1339 quo
469 1258 621 1320 concludit
641 1269 777 1335 tempora
797 1278 926 1335 serpens,

147 1355 279 1433 Obliquo
300 1366 389 1415 terras
410 1364 440 1415 et
459 1356 574 1414 caelum
595 1352 706 1413 lumine
726 1354 860 1425 lustrans,

148 1455 191 1513 Ut
211 1452 284 1512 ratio
305 1454 434 1512 declarat
454 1470 556 1511 eorum
577 1449 629 1527 qui
649 1451 717 1509 loca
735 1451 809 1509 caeli

148 1550 258 1611 Omnia
277 1548 426 1627 dispositis
448 1547 536 1625 signis
558 1558 663 1607 omata
683 1558 832 1607 notarunt.
1077 1550 1135 1623 695

148 1648 208 1705 Aut
229 1648 301 1722 quia
320 1644 444 1705 crassior
463 1656 507 1705 est
528 1644 614 1703 certis
635 1641 666 1701 in
686 1643 817 1718 partibus
837 1662 894 1718 aer,
1174 1629 1178 1635 ⁷

148 1743 210 1803 Sub
230 1743 313 1801 terris
333 1742 401 1801 ideo
422 1741 581 1800 tremulum
601 1738 686 1798 iubar
706 1738 830 1798 haesitat
850 1737 926 1816 ignis

149 1842 214 1899 Nec
233 1848 385 1915 penetrare
404 1846 503 1913 potest
523 1838 608 1896 facile
629 1846 719 1913 atque
740 1854 888 1913 emergere
907 1837 948 1897 ad
968 1849 1054 1895 ortus.

149 1940 307 2013 Propterea
326 1946 429 1995 noctes
449 1933 574 1994 hiberno
594 1944 728 2010 tempore
748 1936 855 2011 longae

149 2035 282 2106 Cessent,
304 2032 374 2092 dum
395 2031 494 2091 veniat
513 2030 657 2090 radiatum
678 2031 792 2107 insigne
812 2028 879 2091 diei
1083 2051 1137 2105 700

149 2131 209 2189 Aut
229 2128 326 2199 etiam,
348 2127 417 2204 quia
437 2128 479 2187 sic
499 2126 617 2187 alternis
637 2127 768 2205 partibus
788 2129 859 2187 anni

148 2224 274 2285 Tardius
294 2233 324 2283 et
345 2222 430 2283 citius
450 2234 628 2283 consuerunt
648 2224 797 2284 confluere
817 2223 900 2301 ignes

149 2320 211 2397 Qui
229 2318 341 2380 faciunt
361 2321 454 2379 solem
475 2328 555 2380 certa
573 2321 729 2397 desurgere
749 2332 840 2397 parte,

151 2420 310 2493 Propterea
330 2416 363 2474 fit
384 2413 426 2475 uti
446 2413 600 2474 videantur
620 2413 718 2475 dicere
737 2434 839 2476 verum

152 2513 216 2586 Qui
223 2512 341 2587 sacrant
359 2511 425 2569 solis
443 2520 551 2587 semper
569 2530 641 2570 nova
660 2512 773 2571 lumina
789 2514 878 2589 grgm'.

190 2611 276 2667 Luna
294 2618 392 2684 potest
412 2606 481 2667 solis
501 2606 590 2668 radiis
610 2626 749 2684 percussa
769 2608 862 2670 nitere
1082 2627 1137 2685 705

149 2705 246 2780 Inque
266 2703 330 2764 dies
351 2702 443 2781 magis
464 2702 495 2764 id
515 2704 616 2763 lumen
636 2715 805 2765 convertere
826 2705 912 2766 nobis

148 2798 197 2857 Ad
218 2798 355 2875 speciem,
376 2807 522 2873 quantum
542 2796 612 2858 solis
632 2799 744 2859 secedit
765 2802 804 2859 ab
824 2800 898 2872 orbi,

150 2893 291 2971 Donique
311 2912 378 2953 eum
399 2903 503 2953 contra
523 2895 613 2969 pleno
633 2894 712 2954 bene
732 2892 843 2955 lumine
863 2894 943 2955 fulsit

150 2993 248 3067 Atque
269 2988 365 3049 oriens
386 2987 484 3049 obitus
505 2988 568 3049 eius
589 2989 776 3065 superedita
795 2990 887 3066 vidit,

149 3085 226 3144 Inde
246 3082 411 3143 minutatim
432 3094 510 3143 retro
531 3084 614 3160 quasi
636 3085 765 3144 condere
784 3086 885 3145 lumen
1082 3106 1139 3163 710

149 3180 248 3239 Debet
268 3178 348 3251 item,
371 3190 483 3255 quanto
504 3179 625 3256 propius
646 3180 705 3239 iam
725 3180 796 3241 solis
815 3182 856 3241 ad
875 3180 975 3258 ignem

150 3276 271 3335 Labitur
291 3294 329 3335 ex
348 3274 405 3334 alia
425 3275 573 3352 signomm
594 3287 677 3352 parte
698 3296 749 3353 per
769 3278 889 3353 orbern,

150 3374 193 3435 Ut
214 3372 334 3444 faciunt,
356 3374 457 3431 lunam
478 3372 529 3448 qui
548 3372 663 3449 fingunt
683 3391 747 3431 esse
766 3372 837 3449 pilai
