2642 3867
154 186 188 242 3²
237 248 241 255 ι
378 178 381 184 ’
412 168 479 226 DE
505 170 678 228 RERUM
698 170 885 230 NATURA

153 297 224 354 Non
243 293 283 353 ita
303 292 362 355 iam
383 305 505 370 possent
525 295 600 354 caeli
621 298 677 355 sub
698 295 827 372 tegmine
846 298 931 371 ferre,

153 391 191 449 Et
210 391 313 449 Venus
333 388 471 448 inminuit
491 389 567 449 vires
587 389 733 466 puerique
752 402 907 467 parentum

153 484 306 545 Blanditiis
326 485 411 545 facile
431 485 581 562 ingenium
604 488 715 563 fregere
736 489 903 563 superbum.

152 585 238 642 Tunc
259 593 288 642 et
309 581 468 642 amicitiem
489 596 652 659 coeperunt
672 582 794 661 iungere
813 596 935 645 aventes

153 677 284 738 Finitimi
304 680 380 737 inter
400 698 432 739 se
453 698 509 739 nec
529 680 646 740 laedere
666 700 724 740 nec
743 679 856 749 violari,
1068 702 1143 742 roao

154 779 192 835 Et
212 795 317 853 pueros
338 778 583 837 commendarunt
604 777 805 855 muliebreque
825 779 964 850 saeclum,

152 871 285 931 Vocibus
306 882 335 931 et
355 882 440 948 gestu
460 890 530 931 cum
550 873 639 933 balbe
660 872 858 951 significarent

154 969 375 1029 Imbecillorum
396 988 461 1030 esse
482 989 609 1047 aequum
630 969 793 1031 misererier
813 989 926 1031 omnes.

154 1068 220 1126 Nec
240 1076 339 1126 tamen
361 1064 541 1127 omnimodis
560 1076 678 1143 poterat
697 1066 859 1127 concordia
878 1064 966 1143 gigni,

153 1163 213 1223 Sed
232 1163 313 1221 bona
332 1180 497 1238 magnaque
517 1181 585 1238 pars
605 1163 742 1223 servabat
761 1163 882 1223 foedera
901 1173 981 1223 caste
990 1186 999 1237 ;
1068 1183 1121 1222 102
1126 1181 1143 1241 5

153 1262 215 1318 Aut
234 1277 328 1334 genus
347 1258 510 1318 humanum
530 1258 591 1318 iam
611 1268 675 1319 tum
695 1259 771 1319 soret
792 1278 882 1319 omne
901 1269 1086 1337 peremptum

155 1355 220 1414 Nec
239 1352 383 1429 potuisset
403 1354 502 1413 adhuc
522 1355 685 1431 perducere
705 1355 803 1414 saecla
822 1373 963 1431 propago,

195 1453 234 1509 At
254 1450 349 1510 varios
369 1450 488 1527 linguae
509 1450 623 1511 sonitus
643 1461 749 1511 natura
770 1453 886 1528 subegit

156 1548 275 1608 Mittere
295 1558 324 1608 et
344 1547 454 1608 utilitas
475 1547 617 1625 expressit
638 1546 760 1607 nomina
779 1566 883 1620 rerum,

44 1638 46 1644 ’
157 1648 226 1705 Non
246 1645 303 1705 alia
322 1647 410 1723 longe
430 1645 544 1706 ratione
564 1656 653 1723 atque
674 1645 739 1723 ipsa
757 1645 874 1707 videtur
1070 1666 1146 1721 1030

156 1744 327 1803 Protrahere
346 1744 386 1803 ad
405 1754 519 1819 gestum
540 1762 649 1821 pueros
669 1742 792 1803 infantia
811 1742 937 1820 linguae,

155 1841 233 1899 Cum
253 1838 322 1897 facit
342 1849 375 1899 ut
396 1839 489 1917 digito
510 1860 587 1917 quae
607 1840 666 1901 sint
685 1840 851 1917 praesentia
871 1850 1041 1900 monstrent

155 1935 250 1995 Sentit
270 1935 350 1995 enim
370 1933 429 1994 vim
450 1936 575 2012 quisque
596 1956 680 1996 suam
700 1937 800 2014 quoad
820 1936 915 2012 possit
934 1935 1025 1997 abuti.

156 2034 274 2091 Cornua
294 2042 365 2092 nata
383 2031 462 2109 prius
482 2031 576 2092 vitulo
596 2052 688 2109 quam
708 2032 853 2093 frontibus
873 2042 981 2105 extent,

157 2130 218 2188 lllis
237 2128 327 2188 iratus
348 2129 422 2206 petit
442 2141 532 2205 atque
552 2128 677 2190 infestus
697 2131 821 2207 inurget.
1071 2148 1124 2205 ¹03
1129 2146 1145 2205 5

157 2230 195 2285 At
215 2225 305 2285 catuli
325 2227 533 2302 pantherarum
554 2226 726 2303 scymnique
746 2228 867 2285 leonum

157 2320 314 2399 Unguibus
334 2341 370 2381 ac
390 2320 515 2398 pedibus
535 2321 595 2381 iam
616 2332 679 2381 tum
700 2341 858 2398 morsuque
878 2332 1053 2398 repugnant,

156 2418 214 2478 Vix
235 2416 323 2478 etiam
345 2438 413 2477 cum
434 2429 503 2478 sunt
524 2419 629 2478 dentes
649 2437 823 2495 unguesque
842 2416 940 2478 creati.

156 2513 289 2574 Alituum
309 2532 396 2591 porro
417 2532 509 2590 genus
529 2513 584 2573 alis
604 2532 694 2574 omne
715 2514 850 2573 videmus

158 2609 263 2669 Fidere
283 2619 313 2669 et
333 2629 351 2668 a
371 2608 469 2685 pinnis
490 2610 648 2668 tremulum
669 2618 771 2685 petere
791 2606 975 2671 auxiliatum.
1072 2628 1149 2681 1040

157 2706 286 2766 Proinde
306 2716 409 2782 putare
429 2703 559 2781 aliquem
580 2716 644 2765 turn
665 2705 787 2765 nomina
808 2704 990 2766 distribuisse

158 2803 261 2861 Rebus
280 2810 311 2861 et
330 2800 401 2861 inde
421 2800 558 2860 homines
578 2800 718 2861 didicisse
739 2803 885 2861 vocabula
903 2799 1007 2878 prima,

158 2895 336 2972 Desiperest
379 2896 457 2953 Nam
479 2914 530 2953 cur
550 2894 599 2955 hic
618 2907 720 2973 posset
739 2907 849 2955 cuneta
868 2906 972 2956 notare

157 2991 289 3051 Vocibus
310 3001 339 3051 et
358 2989 454 3050 varios
473 2989 586 3051 sonitus
607 2990 740 3052 emittere
760 2992 886 3069 linguae,

157 3089 307 3163 Tempore
327 3089 435 3174 eodem
455 3086 505 3146 alii
525 3089 621 3148 lacere
642 3088 675 3149 id
695 3107 756 3149 non
777 3088 876 3165 quisse
895 3088 1058 3164 putentur?
1074 3103 1149 3164 1045

158 3184 312 3242 Praeterea
332 3183 357 3243 si
377 3202 439 3244 non
460 3183 510 3244 alii
530 3202 649 3260 quoque
670 3184 794 3245 vocibus
815 3186 860 3245 usi

159 3278 241 3337 Inter
260 3297 292 3337 se
312 3280 437 3351 fuerant,
459 3279 539 3340 unde
558 3279 646 3341 insita
666 3280 786 3343 notities
806 3291 852 3343 est

159 3372 302 3433 Utilitatis
321 3386 352 3435 et
371 3377 452 3436 unde
473 3377 544 3437 data
563 3389 608 3439 est
628 3378 698 3440 huic
718 3379 813 3456 prima
833 3390 971 3456 potestas,
