2642 3867
477 164 618 223 LIBER
651 164 863 240 QUINTUS.
1127 187 1163 243 n

171 286 251 363 Quid
272 289 361 349 vellet
381 290 477 351 lacere
498 301 531 350 ut
551 289 638 351 sciret
658 290 818 369 animoque
837 292 971 355 videret?

169 386 285 461 Cogere
303 384 376 445 item
396 386 494 464 plures
514 406 590 447 unus
610 386 765 464 victosque
785 391 908 451 domare
938 383 940 387 ⁴
1088 412 1164 471 ¹050

169 483 241 541 Non
261 494 385 560 poterat,
407 503 502 545 rerum
523 496 556 545 nt
576 486 743 563 perdiscere
763 487 886 548 nomina
906 489 1025 549 vellent.

169 580 235 639 Nec
254 578 368 641 ratione
388 581 496 642 docere
516 584 577 641 ulla
597 584 782 660 suadereque
802 585 905 657 surdis,

169 675 250 750 Quid
271 676 309 737 sit
329 696 405 755 opus
425 680 512 751 facto,
534 679 648 741 facilest
657 701 668 754 3
691 682 891 758 nequeenim
911 694 1078 761 paterentur

168 773 233 832 Nec
252 772 367 834 ratione
387 775 448 834 ulla
467 774 523 835 sibi
543 777 651 837 ferrent
671 777 800 853 amplius
820 796 905 839 aures

167 870 258 930 Vocis
278 870 428 932 inauditos
448 872 563 933 sonitus
584 875 749 935 obtundere
770 876 881 937 frustra„
1087 896 1163 956 1055

167 966 322 1028 Postremo
342 968 417 1045 quid
435 967 467 1028 in
488 971 545 1029 hac
565 969 699 1031 mirabile
719 981 901 1049 tantoperest
920 993 961 1047 re,

166 1062 197 1123 Si
216 1083 310 1141 genus
330 1063 503 1139 humanum,
525 1066 573 1126 cui
593 1086 651 1127 vox
671 1077 702 1129 et
721 1066 822 1145 lingua
840 1066 961 1145 vigeret,

167 1161 226 1221 Pro
245 1159 326 1221 vario
347 1181 435 1222 sensu
456 1162 536 1222 varia
556 1181 601 1223 res
622 1181 696 1223 voce
717 1165 856 1224 notaret?

167 1258 245 1318 Cum
266 1259 399 1334 pecudes
419 1269 529 1331 mutae,
550 1278 620 1319 cum
640 1260 772 1335 denique
792 1261 891 1320 saecla
910 1262 1036 1322 ferarum

167 1351 332 1414 Dissimiles
352 1356 467 1415 soleant
486 1373 576 1415 voces
596 1355 749 1433 variasque
768 1356 854 1429 ciere,
1083 1361 1159 1418 1060

166 1448 244 1507 Cum
265 1458 361 1508 metus
381 1459 433 1509 aut
453 1449 540 1509 dolor
559 1458 604 1510 est
625 1460 655 1510 et
675 1469 744 1510 cum
765 1450 825 1510 iam
845 1450 954 1527 gaudia
973 1451 1108 1530 gliscunt

166 1544 289 1622 Quippe
309 1546 418 1605 etenim
439 1546 509 1608 licet
528 1547 561 1609 id
581 1549 668 1609 rebus
689 1568 869 1626 cognoscere
889 1550 1005 1626 apertis.

166 1640 289 1700 Inritata
309 1659 417 1701 canum
438 1642 657 1720 cumprimum
679 1663 787 1721 magna
808 1644 976 1704 Molossum

166 1734 272 1796 Mollia
291 1736 364 1795 ricta
383 1738 511 1797 fremunt
531 1740 622 1799 duros
642 1738 787 1799 nudantia
806 1740 919 1811 dentes,

144 1870 148 1877 ι
165 1832 268 1908 Longe
289 1830 348 1892 alio
367 1831 467 1893 sonitu
488 1832 568 1898 rabie
589 1834 720 1895 restricta
741 1834 899 1908 minantur,
1083 1841 1157 1913 1065

166 1929 292 1987 Etcum
313 1927 372 1987 ianr
393 1930 502 1989 latrant
524 1941 553 1991 et
574 1929 698 1991 vocibus
719 1930 819 1990 omnia
839 1934 998 2009 complent.

164 2025 204 2083 Et
224 2026 338 2084 catulos
359 2026 469 2086 blande
490 2045 560 2086 cum
580 2025 682 2104 lingua
701 2028 832 2087 lambere
853 2037 999 2103 temptant

164 2122 225 2179 Aut
245 2119 297 2180 ubi
318 2139 369 2180 eos
390 2120 502 2181 iactant
521 2120 650 2198 pedibus
671 2140 830 2198 morsuque
850 2132 986 2198 petentes

164 2212 319 2291 Suspensis
340 2227 459 2276 teneros
480 2214 632 2276 imitantur
654 2216 793 2277 dentibus
814 2217 945 2290 haustus,

164 2313 268 2389 Longe
289 2310 348 2372 alio
369 2322 460 2389 pacto
480 2310 603 2389 gannitu
623 2312 705 2372 vocis
725 2313 856 2385 adulant,
1082 2333 1158 2391 1070

165 2410 294 2469 Etcum
315 2409 424 2469 deserti
444 2410 612 2470 baubantur
632 2409 664 2469 in
685 2410 809 2470 aedibus
830 2420 881 2469 aut
902 2429 968 2470 cum

164 2505 317 2565 Plorantes
337 2504 452 2583 fugiunt
473 2505 631 2565 summisso
651 2525 776 2583 corpore
796 2506 906 2583 plagas

165 2599 302 2677 Denique
321 2619 383 2660 non
403 2599 535 2660 hinnitus
555 2600 626 2661 item
647 2600 764 2662 differre
784 2602 908 2674 videtur,

164 2697 247 2755 Inter
267 2715 357 2772 equas
377 2695 429 2755 ubi
450 2715 543 2772 equus
563 2696 680 2757 florenti
700 2708 799 2758 aetate
819 2697 961 2759 iuvencus

163 2788 310 2866 Pinnigeri
330 2788 423 2849 saevit
443 2789 606 2850 calcaribus
627 2791 703 2851 ictus
723 2793 841 2864 amoris,
1078 2813 1132 2869 107
1137 2812 1152 2870 5

163 2886 203 2945 Et
222 2883 370 2945 fremitum
390 2886 497 2962 patulis
517 2885 569 2946 ubi
590 2886 709 2948 naribus
730 2885 792 2947 edit
812 2887 851 2946 ad
871 2906 961 2959 arma,

163 2983 292 3042 Etcum
313 2981 355 3041 sic
374 2980 446 3041 alias
467 2981 618 3043 concussis
639 2982 751 3043 artibus
771 2983 891 3043 hinnit?

163 3078 318 3137 Postremo
337 3096 430 3154 genus
450 3076 574 3139 alituum
594 3079 752 3156 variaeque
772 3079 915 3153 volucres,

162 3172 327 3249 Accipitres
347 3183 437 3250 atque
457 3172 615 3251 ossifragae
635 3174 787 3253 mergique
808 3173 928 3234 marinis

163 3269 315 3329 Fluctibus
334 3269 365 3329 in
386 3270 464 3329 salso
485 3271 596 3329 victum
617 3272 768 3349 vitamque
788 3283 934 3348 petentes,
1078 3275 1154 3333 1080

163 3367 265 3443 Longe
286 3366 357 3426 alias
378 3366 437 3426 alio
457 3366 567 3427 iaciunt
588 3366 619 3427 in
640 3380 775 3446 tempore
794 3388 891 3439 voces,

982 3473 1059 3531 5-z
