2642 3867
470 187 610 246 LIBER
642 186 851 262 QUINTUS

163 315 312 394 Principio
331 334 399 393 pars
419 314 506 376 terrai
525 316 679 387 nonnulla,
700 325 822 392 perusta

161 414 279 475 Solibus
299 409 440 487 adsiduis,
461 412 556 471 multa
575 411 695 488 pulsata
713 411 826 488 pedum
846 410 885 488 vi,

162 508 294 571 Pulveris
314 508 432 568 exhalat
451 506 593 569 nebulam
613 508 769 583 nubesque
788 509 922 571 volantes

162 607 244 683 Quas
265 604 354 667 validi
373 615 438 665 toto
458 602 631 681 dispergunt
651 623 719 665 aere
737 603 827 665 venti.

161 704 232 764 Pars
252 700 342 763 etiarn
361 701 514 780 glebarum
535 701 575 760 ad
595 699 736 761 diluviem
756 712 911 762 revocatur

162 799 312 861 Imbribus
332 809 362 861 et
381 797 459 876 ripas
479 796 613 859 radentia
633 796 756 858 flumina
775 799 893 860 rodunt

162 899 318 957 Praeterea
336 913 391 973 pro
411 905 496 972 parte
516 912 578 968 sua,
601 896 815 971 quodcumque
835 896 896 956 alid
915 908 1012 976 auget,
1116 974 1120 978 q

162 994 328 1067 Redditur;
352 1003 382 1054 et
402 991 543 1070 quoniam
565 992 656 1053 dubio
676 995 780 1071 procul
799 1013 865 1055 esse
885 993 1001 1055 videtur

162 1090 362 1169 Omniparens
382 1090 488 1151 eadem
507 1109 605 1151 rerum
625 1108 787 1149 commune
808 1091 985 1167 sepulcrum,

163 1190 242 1267 Ergo
263 1198 338 1249 terra
357 1186 413 1248 tibi
431 1186 541 1247 libatur
560 1197 591 1247 et
611 1197 701 1246 aucta
720 1187 866 1247 recrescit

202 1289 293 1363 Quod
314 1296 455 1364 superest,
474 1304 578 1346 umore
597 1304 678 1344 novo
699 1304 780 1345 mare
800 1284 923 1344 flumina
943 1286 1039 1345 fontes

162 1387 286 1463 Semper
304 1384 456 1445 abundare
477 1392 508 1443 et
527 1381 630 1442 latices
650 1401 772 1442 manare
792 1400 940 1459 perennes

162 1483 216 1543 Nil
236 1502 311 1561 opus
332 1493 376 1543 est
395 1479 510 1549 verbis:
538 1499 663 1558 magnus
684 1481 825 1540 decursus
846 1499 990 1557 aquarum

161 1578 307 1657 Undique
327 1580 463 1639 declarat
506 1577 567 1637 Sed
586 1575 716 1653 primum
737 1576 879 1653 quicquid
899 1576 987 1653 aquai

162 1678 290 1738 Tollitur
308 1676 340 1737 in
360 1694 536 1753 summaque
555 1678 589 1736 fit
608 1685 642 1735 ut
662 1675 705 1734 nil
725 1694 810 1735 umor
829 1674 971 1750 abundet,

163 1774 273 1835 Partim
294 1774 376 1852 quod
395 1771 487 1833 validi
507 1782 657 1834 verrentes
678 1789 810 1848 aequora
828 1770 910 1847 venti

163 1869 342 1946 Diminuunt
361 1866 511 1945 radiisque
530 1876 665 1928 retexens
686 1867 833 1927 aetherius
854 1868 909 1940 sol,

163 1960 273 2023 Partim
294 1961 376 2038 quod
396 1961 498 2021 subter
516 1977 569 2036 per
591 1970 683 2021 terras
703 1958 814 2019 diditur
834 1978 947 2021 omnes.

163 2059 333 2121 Percolatur
352 2057 432 2119 enim
451 2056 531 2119 virus
550 2068 687 2135 retroque
707 2068 842 2118 remanat

164 2154 303 2217 Materies
324 2154 434 2217 umoris
454 2166 485 2215 et
505 2155 544 2214 ad
564 2165 655 2231 caput
674 2153 813 2215 amnibus
833 2152 931 2213 omnis

164 2250 321 2323 Convenit,
343 2249 414 2310 inde
434 2268 521 2327 super
541 2259 632 2309 terras
652 2246 718 2308 fluit
737 2245 857 2325 agmine
877 2244 959 2307 dulci

163 2351 232 2427 Qua
251 2348 299 2409 via
318 2359 399 2409 secta
419 2348 512 2408 semel
532 2344 646 2423 liquido
667 2346 746 2422 pede
767 2345 874 2405 detulit
894 2345 996 2405 undas

202 2448 280 2505 Aera
299 2463 379 2504 nuuc
399 2443 487 2522 igitur
505 2442 604 2504 dicam
626 2441 678 2520 qui
697 2460 820 2519 corpore
841 2452 905 2503 toto

163 2540 421 2602 Innumerabiliter
440 2540 537 2618 privas
558 2549 689 2599 mutatur
708 2539 739 2597 in
760 2540 857 2599 horas.

162 2640 285 2715 Semper
303 2637 393 2710 enim,
413 2637 625 2717 quodcumque
645 2634 709 2697 fluit
730 2637 768 2697 de
788 2636 885 2710 rebus,
907 2637 938 2698 id
959 2657 1048 2698 omne

162 2735 247 2797 Aeris
267 2735 299 2796 in
319 2754 459 2814 magnum
479 2737 569 2795 fertur
589 2753 690 2810 mare;
718 2734 770 2811 qui
790 2734 848 2795 nisi
867 2746 972 2796 contra

163 2836 298 2914 Corpora
316 2832 459 2897 retribuat
477 2835 566 2894 rebus
585 2842 758 2910 recreetque
778 2833 922 2936 fluentes,¹

163 2932 274 2993 Omnia
292 2931 352 2993 iam
370 2932 499 2992 resoluta
517 2932 615 2992 forent
634 2940 666 2991 et
685 2928 717 2989 in
737 2948 806 2991 aera
825 2939 919 2990 versa

164 3031 258 3091 Haud
278 3028 364 3109 igitur
383 3038 480 3090 cessat
498 3026 580 3107 gigni
600 3028 640 3089 de
659 3027 749 3088 rebus
769 3038 800 3087 et
819 3026 851 3086 in
870 3045 917 3087 res

161 3128 334 3201 Reccidere,
355 3126 480 3188 adsidue
500 3126 643 3204 quoniam
664 3126 756 3186 fluere
776 3124 878 3187 omnia
897 3137 1021 3185 constat

203 3228 313 3304 Largus
333 3225 405 3286 item
425 3223 529 3301 liquidi
549 3226 615 3286 fons
636 3222 766 3297 luminis,
786 3222 934 3285 aetherius
954 3225 1009 3298 sol,

161 3321 274 3401 Inrigat
293 3320 417 3383 adsidue
437 3321 553 3381 caelum
573 3320 705 3382 candore
725 3318 836 3380 recenti
887 3388 901 3402 .

161 3420 396 3498 Suppeditatque
415 3438 495 3480 novo
516 3418 673 3480 confestim
693 3416 804 3477 lumine
825 3418 934 3478 lumen.
