2642 3867
470 911 508 973 T.
531 914 722 975 LUCRETI
750 913 854 975 CARI

349 1112 429 1185 DE
469 1113 690 1188 RERUM
730 1113 988 1187 NATURA

484 1310 612 1368 muru
640 1310 840 1387 Quruuus

166 1577 250 1651 Quis
269 1574 349 1654 potis
369 1588 414 1637 est
434 1577 557 1655 dignum
578 1578 704 1656 pollenti
723 1590 844 1657 pectore
864 1600 984 1642 carmen

166 1676 306 1737 Condere
325 1696 379 1754 pro
399 1696 495 1737 rerum
516 1676 671 1738 maiestate
690 1676 795 1753 hisque
814 1678 958 1754 repertis?

166 1772 279 1849 Quisve
298 1773 377 1833 valet
396 1772 493 1835 verbis
513 1784 628 1833 tantum
650 1772 702 1852 qui
721 1774 831 1850 fingere
851 1774 953 1835 laudes

165 1872 224 1931 Pro
244 1867 355 1930 meritis
375 1868 439 1930 eius
458 1869 553 1946 possit
573 1868 625 1947 qui
645 1868 716 1929 talia
736 1869 823 1931 uobis

165 1968 289 2027 Pectore
309 1976 393 2042 parta
413 1984 468 2025 suo
488 1965 682 2042 quaesitaque
701 1964 833 2043 praemia
852 1965 960 2044 liquit?
1141 1986 1158 2046 5

165 2063 273 2135 Nemo,
295 2072 328 2122 ut
348 2060 463 2139 opinor,
485 2061 540 2124 erit
560 2062 678 2125 mortali
697 2082 824 2141 corpore
843 2075 948 2125 cretus.

165 2162 245 2219 Nam
265 2156 301 2229 si,
321 2168 355 2219 ut
374 2157 439 2235 ipsa
458 2158 533 2236 petit
552 2159 692 2221 maiestas
713 2159 833 2236 cognita
852 2180 958 2233 rerum,

164 2254 334 2317 Dicendum
356 2266 407 2332 est,
432 2257 505 2317 deus
525 2255 576 2317 ille
595 2255 658 2332 suit,
682 2257 765 2330 deus,
786 2256 895 2335 inclyte
917 2256 1052 2332 Memmi,

164 2352 224 2429 Qui
243 2350 380 2431 princeps
400 2352 479 2415 vitae
499 2351 643 2415 rationem
665 2351 778 2414 invenit
797 2372 864 2414 eam
884 2373 961 2431 quae

163 2452 253 2511 Nunc
272 2453 437 2529 appellatur
456 2451 612 2530 sapientia,
634 2450 747 2529 quique
767 2470 820 2529 per
839 2462 934 2512 artem
1121 2454 1160 2513 '10

163 2548 314 2609 Fluctibus
334 2567 352 2609 e
371 2548 461 2609 tantis
481 2548 573 2609 vitam
594 2549 744 2626 tantisque
765 2546 894 2610 tenebris

163 2644 201 2702 In
221 2654 283 2703 tam
303 2643 462 2721 tranquillo
482 2655 513 2705 et
533 2654 595 2705 tam
615 2646 696 2705 clara
714 2645 782 2704 luce
801 2642 920 2703 locavit.

162 2741 274 2803 Confer
293 2739 374 2801 enim
395 2740 496 2802 divina
515 2740 640 2803 aliorum
662 2738 785 2817 antiqua
803 2752 938 2818 reperta3

162 2839 303 2915 Namque
324 2839 415 2900 Ceres
436 2838 527 2900 fertur
546 2840 643 2917 fruges
664 2837 814 2915 Liberque
834 2838 955 2916 liquon‘s

161 2931 293 3011 vitigeni
313 2932 432 2996 laticem
453 2934 626 2997 mortalibus
647 2936 828 3013 instituisse;
1122 2954 1157 3014 15

163 3032 241 3091 Cum
262 3041 363 3093 tamen
383 3031 429 3093 his
448 3044 551 3110 posset
571 3033 635 3096 sine
655 3036 745 3096 rebus
765 3033 826 3095 vitu
845 3054 976 3107 manere,

162 3128 207 3188 Ut
226 3129 306 3189 fama
325 3140 371 3191 est
390 3129 503 3209 aliquas
523 3132 614 3193 etiem
634 3150 716 3192 nunc
735 3130 833 3193 vivere
852 3142 965 3209 gentes

162 3224 203 3283 At
222 3224 302 3286 bene
321 3244 385 3286 non
404 3237 521 3305 poterat
542 3227 606 3291 sine
626 3247 702 3305 puro
721 3238 843 3305 pectore
863 3227 922 3289 vivi
930 3248 941 3303 3

162 3319 233 3395 Quo
252 3319 346 3405 magis
366 3320 416 3383 hic
434 3322 540 3387 merito
560 3324 648 3387 nobis
668 3324 744 3385 deus
757 3341 823 3385 esse
842 3322 968 3397 videtur,

163 3415 209 3476 Ex
229 3435 291 3493 quo
310 3436 391 3478 nunc
413 3419 502 3481 etiam
522 3440 577 3499 per
597 3440 721 3497 magnas
741 3418 837 3480 didita
855 3430 960 3496 genter
1122 3435 1158 3476 20

992 3590 1067 3649 3—2
