2642 3867
477 162 619 222 LIBER
650 163 859 237 QUINTUS.
1127 186 1162 242 31

169 286 324 366 Eiectique
344 289 436 349 domo
457 288 610 366 fugiebant
630 310 719 351 saxea
739 300 820 350 tecta

168 382 332 462 spumigeri
353 384 413 444 suis
433 386 564 445 adventu
585 385 736 462 validique
754 384 850 445 leonis
1106 389 1162 465 985

167 482 268 556 Atque
287 478 465 558 intempesta
485 481 633 541 cedebant
653 491 744 541 nocte
764 493 907 557 paventes

169 577 348 656 Hospitibus
368 577 462 639 saevis
483 576 606 639 instrata
625 577 736 638 cubilia
755 580 869 639 fronde.

209 677 275 736 Nec
295 675 387 737 nimio
407 686 471 735 turn
491 677 559 753 plus
580 695 669 752 quam
691 695 771 735 nunc
791 675 928 737 mortalia
948 677 1046 737 saecla

169 774 277 834 Dulcia
295 774 470 852 linquebant
489 774 616 835 labentis
636 773 749 834 lumina
768 774 854 835 vitae.

168 872 257 931 Unus
276 870 356 931 enirn
377 882 441 931 turn
462 870 589 948 quisque
609 869 703 947 magis
724 870 888 946 deprensus
908 889 1010 931 eorum
1104 893 1163 949 990

168 967 281 1028 Pabula
300 966 367 1027 viva
386 967 454 1028 seris
475 968 645 1043 praebebat,
668 966 807 1028 dentibus
827 968 959 1040 haustus,

168 1066 209 1124 Et
228 1081 350 1123 nemora
369 1082 405 1123 ac
425 1074 543 1123 montes
563 1062 676 1139 gemitu
697 1064 843 1139 silvasque
862 1063 996 1140 replebat

166 1160 243 1220 Viva
263 1159 367 1220 videns
387 1158 456 1220 vivo
476 1159 592 1236 sepeliri
612 1158 725 1220 viscera
745 1162 841 1220 busto.

168 1261 208 1319 At
227 1277 303 1334 quos
325 1257 465 1335 effugium
487 1268 616 1317 servarat
636 1276 763 1334 corpore
782 1258 882 1331 adeso,

168 1354 316 1416 Posterius
337 1356 476 1415 tremulas
498 1373 586 1431 super
605 1355 704 1415 ulcera
724 1364 818 1415 taetra
838 1366 974 1417 tenentes
1104 1374 1161 1435 995

168 1452 285 1511 Palmas
305 1449 450 1511 horriferis
471 1449 608 1510 accibant
628 1448 752 1511 vocibus
773 1452 895 1524 Orcum,
1110 1450 1114 1455 ’

75 1613 77 1617 ,
141 1568 143 1571 ⁴
169 1546 308 1624 Donique
329 1566 381 1608 eos
401 1546 462 1607 vita
481 1545 630 1624 privarant
649 1546 782 1607 vermina
802 1567 891 1607 saeva

168 1646 311 1721 Expertes
332 1641 406 1721 opis,
426 1642 543 1719 ignaros
565 1642 638 1719 quid
658 1642 780 1702 volnera
799 1644 917 1703 vellent.

167 1745 213 1801 At·
228 1761 289 1802 non
309 1742 402 1801 multa
422 1739 517 1800 virum
538 1741 595 1799 sub
616 1738 707 1815 signis
728 1738 808 1798 milia
829 1740 919 1799 ducta
1020 1803 1028 1819 ·

124 1840 134 1849 ”
167 1840 238 1899 Una
259 1837 323 1899 dies
344 1838 435 1897 dabat
456 1836 546 1897 exitio
566 1856 623 1897 nec
644 1835 764 1897 turbida
784 1837 869 1913 ponti
1087 1860 1163 1897 1000

167 1939 306 2013 Aequora
325 1933 466 2011 fligebant
487 1954 576 1995 naves
597 1935 636 1994 ad
658 1954 728 1994 saxa
747 1934 892 2012 virosque.

169 2031 230 2092 Hic
250 2042 361 2093 temere
382 2030 533 2091 incassum
554 2032 660 2091 frustra
680 2050 761 2091 mare
782 2050 872 2109 saepe
892 2044 1027 2093 coortum

168 2126 306 2189 Saevibat
328 2126 491 2203 leviterque
511 2126 608 2187 minas
629 2129 763 2205 ponebat
783 2127 896 2202 inanes,

169 2228 234 2285 Nec
254 2235 369 2302 poterat
390 2243 569 2301 quemquam
590 2223 701 2303 placidi
720 2225 845 2302 pellacia
864 2225 950 2302 ponti

167 2322 298 2383 Subdola
318 2320 455 2398 pellicere
477 2320 508 2379 in
528 2322 663 2382 fraudem
684 2320 849 2381 ridentibus
870 2321 967 2395 undis,
1088 2338 1161 2398 1005

168 2420 311 2496 Improba
331 2418 461 2478 naucleri
481 2418 555 2479 ratio
576 2438 646 2479 curn
667 2437 758 2479 caeca
779 2418 902 2479 iacebat.

167 2515 247 2573 Tum
267 2514 389 2591 penuria
409 2512 518 2573 deinde
540 2513 599 2573 cibi
619 2512 791 2590 languentia
811 2514 872 2574 leto

169 2613 306 2672 Membra
326 2612 426 2683 dabat,
448 2622 552 2670 contra
572 2629 653 2669 nunc
674 2630 770 2671 rerum
791 2611 880 2688 copia
899 2621 1015 2672 mersat

168 2706 217 2767 Illi
237 2706 429 2785 inprudentes
450 2705 506 2784 ipsi
528 2704 583 2765 sibi
604 2724 694 2782 saepe
714 2724 862 2766 venenum

167 2804 345 2880 Vergebant,
368 2800 477 2861 medici
498 2820 579 2861 nuuc
600 2802 675 2861 dant
695 2801 843 2861 sollertius
863 2800 918 2861 usi.
979 2827 981 2832 ·
1088 2820 1164 2859 1010

208 2899 284 2958 Inde
304 2916 387 2957 casas
406 2906 566 2974 postquam
587 2914 623 2955 ac
642 2896 736 2972 pelles
757 2896 913 2973 ignemque
935 2907 1083 2973 pararunt,

167 2998 207 3056 Et
228 2995 333 3057 mulier
353 2994 514 3055 coniuncta
533 2992 597 3053 viro
618 2992 766 3053 concessit
786 2993 818 3052 in
840 3013 932 3054 unum

166 3095 344 3171 Hospitium,
367 3113 401 3153 ac
419 3095 483 3153 lecti
500 3093 617 3153 soablr'a
638 3094 707 3152 iura
727 3094 836 3152 duobus

168 3189 296 3267 Cognita
316 3199 393 3262 sunt,
415 3191 590 3266 prolemque
609 3207 647 3250 ex
668 3207 700 3248 se
720 3188 822 3250 videre
842 3199 981 3263 creatam,

166 3288 245 3346 Turn
265 3304 361 3363 genus
380 3286 543 3345 humanum
563 3284 692 3362 primum
713 3284 886 3345 mollescere
906 3283 1015 3362 coepit

168 3382 251 3461 Ignis
271 3382 352 3443 enim
372 3382 484 3443 curavit
504 3392 537 3442 ut
557 3380 630 3442 alsia
650 3402 776 3458 corpora
796 3382 885 3459 frigus
1089 3400 1164 3459 1015

236 3474 267 3520 D·
1064 3482 1079 3539 5
