2642 3867
471 200 613 257 LIBER
645 196 853 272 QUINTUS
1121 211 1157 266 19

162 323 414 401 Quandoquidem
435 326 544 385 claram
564 324 695 401 speciem
715 334 886 399 certamque
906 321 1032 397 figuram

162 422 298 493 Praebet,
319 430 352 480 ut
371 432 417 481 est
437 418 495 480 oris
515 418 653 480 extremis
674 436 803 495 cumque
823 426 929 478 notata

163 517 342 593 Quantaque
362 525 500 593 quantast
520 515 591 575 hinc
611 514 701 576 nobis
720 513 854 575 videatur
873 512 905 572 in
925 514 996 572 alto.

70 616 73 620 '
163 615 318 673 Postremo
337 630 541 690 quoscumque
560 613 645 674 vides
665 612 736 672 hinc
754 611 880 673 aetheris
901 610 1003 687 ignes3
1099 610 1154 685 585

164 708 414 786 Quandoquidem
435 728 640 786 quoscumque
659 707 692 768 in
712 708 794 769 terris
815 707 964 769 cernimus
985 706 1078 784 ignes,

164 807 245 865 Dum
265 817 374 866 tremor
393 818 438 867 est
459 808 563 880 clarus,
585 807 658 866 dum
679 806 808 867 cernitur
827 807 915 867 ardor
934 823 1047 877 eorum,

165 906 345 979 Perparvum
365 902 510 980 quiddam
531 902 680 963 interdum
701 914 816 963 mutare
836 900 952 961 videtur

164 1002 293 1061 Alteram
313 1010 408 1061 utram
429 1000 460 1061 in
480 1013 594 1078 partem
614 1003 705 1074 filum,
728 1019 790 1077 quo
810 999 926 1077 longius
947 999 1054 1059 absunt
1060 1021 1068 1073 3

162 1097 242 1160 Scire
260 1098 331 1159 licet
351 1118 494 1176 perquam
514 1098 646 1175 pauxillo
667 1116 757 1174 posse
778 1096 908 1158 minores
1099 1111 1158 1170 590

164 1196 237 1254 Esse
256 1196 304 1255 vel
324 1193 430 1272 exigua
448 1194 574 1254 maiores
595 1204 679 1271 parte
699 1192 850 1270 brevique.

202 1292 280 1352 Illud
300 1290 371 1353 item
393 1310 455 1353 non
475 1302 520 1352 est
539 1291 716 1363 mirandum,
738 1310 799 1367 qua
817 1289 933 1350 ratione

162 1389 309 1449 Tantulus
328 1388 378 1449 ille
399 1398 488 1465 queat
508 1399 623 1448 tantum
644 1390 690 1449 sol
710 1389 827 1449 mittere
847 1389 957 1460 lumen,

163 1484 255 1559 Quod
275 1482 365 1543 maria
386 1503 422 1544 ac
442 1493 533 1544 terras
553 1503 657 1544 omnes
679 1485 855 1559 caelumque
875 1482 999 1561 rigando
1087 1544 1095 1553 ,

163 1581 321 1657 Compleat
341 1590 370 1641 et
391 1578 489 1641 calido
509 1581 667 1657 perfundat
687 1591 795 1640 cuncta
815 1599 931 1657 vapore
1098 1597 1154 1658 595

164 1679 243 1737 Nam
263 1676 333 1737 licet
352 1674 423 1735 hinc
436 1675 542 1736 mundi
562 1677 743 1752 patefactum
764 1675 854 1735 totius
873 1694 967 1735 unum

164 1772 342 1849 Largifluum
362 1773 477 1831 iontem
498 1781 610 1831 scatere
631 1781 720 1847 atque
741 1789 893 1847 erumpere
913 1772 1024 1844 lumen,

164 1870 209 1926 Ex
229 1866 312 1928 omni
331 1869 444 1928 mundo
465 1866 534 1944 quia
555 1865 598 1927 sic
618 1868 767 1927 elementa
785 1867 902 1943 vaporis

163 1965 306 2041 Undique
327 1961 509 2025 conveniunt
528 1972 558 2023 et
578 1961 621 2023 sic
641 1962 794 2023 coniectus
815 1982 919 2025 eorum
1097 1974 1157 2023 000

163 2061 303 2135 Confluit,
325 2082 362 2122 ex
381 2080 443 2122 uno
463 2058 559 2137 capite
580 2059 628 2120 hic
649 2069 683 2119 ut
702 2062 830 2137 profluat
849 2062 944 2122 ardor.

168 2162 279 2221 Nonne
299 2159 383 2219 vides
404 2158 493 2219 etiam
514 2176 605 2233 quam
626 2158 685 2217 late
705 2175 813 2233 parvus
832 2158 920 2234 aquai

164 2260 251 2318 Prata
270 2256 343 2334 riget
362 2257 430 2315 sons
450 2254 598 2314 interdum
620 2254 793 2331 campisque
812 2255 981 2315 redundet?

163 2355 217 2415 Est
238 2353 328 2415 etiam
347 2371 469 2430 quoque
490 2351 533 2411 uti
554 2368 615 2411 non
637 2370 745 2428 magno
766 2350 836 2411 solis
856 2354 895 2411 ab
916 2350 977 2428 igni

163 2451 241 2511 Aera
261 2448 405 2528 percipiat
425 2447 527 2509 calidis
546 2446 709 2508 fervoribus
729 2449 826 2521 ardor,
1097 2451 1153 2523 605

165 2548 358 2623 Opportunus
378 2544 420 2604 ita
440 2553 486 2604 est
506 2541 530 2603 si
551 2546 626 2603 forte
647 2555 678 2603 et
697 2542 823 2605 idoneus
844 2562 903 2618 aer,

167 2646 211 2705 Ut
233 2654 322 2721 queat
343 2643 467 2703 accendi
488 2643 585 2717 parvis
606 2641 760 2702 ardoribus
780 2642 857 2703 ictus
867 2664 876 2716 ;

165 2740 255 2815 Quod
275 2757 368 2817 genus
389 2738 537 2799 interdum
559 2748 674 2815 segetes
694 2738 893 2816 stipulamque
912 2736 1046 2800 videmus

164 2834 307 2896 Accidere
328 2854 365 2895 ex
385 2852 445 2894 una
465 2832 592 2893 scintilla
610 2833 750 2894 incendia
769 2834 886 2910 passim.

165 2932 298 2992 Forsitan
319 2942 349 2991 et
369 2948 455 2991 rosea
474 2931 519 2989 sol
539 2931 599 2989 alte
619 2930 757 3007 lampade
778 2932 879 2990 lucens
1098 2935 1157 2991 610

165 3026 319 3094 Possideat
339 3028 465 3085 multum
485 3025 582 3085 caecis
602 3025 765 3086 fervoribus
786 3025 885 3103 ignem

165 3123 285 3186 Circum
306 3142 346 3194 se,
368 3122 451 3181 nullo
472 3120 523 3197 qui
541 3108 582 3179 sit
601 3121 714 3197 fulgore
733 3131 862 3193 notatus,

166 3217 291 3278 Aestifer
311 3226 344 3275 ut
364 3225 480 3275 tantum
500 3214 650 3273 radiorum
670 3227 812 3291 exaugeat
832 3214 931 3276 ictum.

206 3316 272 3375 Nec
292 3310 368 3372 ratio
388 3311 458 3371 solis
479 3308 604 3387 simplex
624 3321 653 3371 et
674 3320 754 3370 certa
774 3312 908 3387 patescit,
963 3348 966 3352 ι

165 3414 236 3490 Quo
255 3421 344 3488 pacto
364 3406 482 3469 aestivis
502 3427 520 3468 e
539 3406 674 3486 partibus
694 3408 876 3483 aegocerotis
1099 3414 1160 3487 ⁶15.
