2642 3867
168 182 186 239 8
428 182 497 239 DE
522 182 697 263 RERUM
716 185 905 243 NATURA

169 309 324 368 Praeterea
342 328 435 386 genus
457 309 628 369 horriferum
650 322 754 377 natura
773 313 900 376 ferarum

169 406 329 465 Humanae
349 403 430 483 genti
450 404 589 465 infestum
610 417 744 484 terraque
766 408 898 486 marique

168 503 230 563 Cur
249 502 301 562 alit
320 512 410 579 atque
430 505 540 579 auget?
566 522 618 563 cur
638 505 710 564 anni
730 517 864 582 tempora
883 510 1004 571 morbos
1108 530 1165 570 22ο

167 600 357 675 Adportant?
383 619 473 677 quare
493 619 574 661 mors
595 601 743 662 inmatura
761 608 905 681 vagatur?

167 698 247 754 Tum
268 715 356 772 porro
376 716 458 773 puer,
481 708 515 757 ut
535 697 629 758 saevis
650 698 798 775 proiectus
818 704 857 761 ab
877 702 964 763 undis
1034 709 1037 716 '

168 793 285 869 Navita,
308 796 406 855 nudus
426 794 511 855 humi
531 795 617 869 iacet,
639 794 746 869 infans,
768 796 884 875 indigus
905 799 987 859 omni

168 889 258 950 Vitali
279 890 394 966 auxilio,
419 891 636 969 cumprimum
657 891 689 951 in
707 891 829 953 luminis
848 913 914 955 oras

161 978 295 1048 'Nixibus
317 1007 354 1048 ex
374 989 441 1048 alvo
462 986 563 1047 matris
584 998 689 1047 natura
709 988 848 1064 profudit,
1108 1012 1143 1049 22
1147 1009 1165 1069 5

168 1082 337 1161 Vagituque
356 1085 456 1144 locum
476 1083 592 1161 lugubri
612 1086 752 1161 complet,
774 1096 807 1145 ut
827 1098 985 1163 aequumst

169 1180 225 1241 Cui
245 1191 360 1241 tantum
380 1180 412 1240 in
432 1180 494 1241 vita
513 1192 604 1243 restet
624 1181 747 1245 transire
768 1184 922 1243 malorum.

167 1279 210 1338 At
228 1277 325 1338 variae
345 1289 482 1340 crescunt
501 1280 634 1355 pecudes
654 1291 789 1339 armenta
809 1281 947 1357 seraeque
988 1290 990 1294 ’

169 1379 235 1438 Nec
255 1376 440 1454 crepitacillis
461 1397 537 1454 opus
557 1389 602 1437 est
622 1396 680 1437 nec
699 1377 839 1454 cuiquam
858 1378 1057 1441 adhibendast

168 1475 274 1534 Almae
294 1472 414 1533 nutricis
435 1474 545 1533 blanda
565 1487 654 1551 atque
675 1474 800 1535 infracta
820 1475 950 1551 loquella
1107 1492 1166 1549 ²30

169 1575 235 1633 Nec
254 1572 348 1632 varias
368 1584 514 1649 quaerunt
534 1584 630 1633 vestes
652 1592 706 1650 pro
727 1584 862 1649 tempore
882 1573 965 1646 caeli,

169 1670 307 1748 Denique
328 1690 389 1731 non
411 1671 499 1731 armis
520 1691 597 1748 opus
619 1683 673 1744 est,
695 1691 756 1731 non
777 1670 933 1732 moenibus
954 1672 1028 1743 altis,

169 1768 230 1845 Qui
251 1788 304 1829 sua
324 1779 463 1841 tutentur,
486 1769 608 1844 quando
628 1770 767 1828 omnibus
788 1768 890 1827 omnia
909 1769 987 1845 large

168 1867 269 1926 Tellus
289 1866 355 1942 ipsa
375 1864 452 1941 parit
473 1874 635 1941 naturaque
656 1864 783 1923 daedala
803 1883 908 1924 rerum.

209 1963 356 2041 Principio
378 1960 518 2039 quoniam
539 1962 625 2022 terrai
645 1981 753 2038 corpus
773 1973 803 2021 et
824 1981 910 2021 umor
1107 1983 1122 2021 2
1127 1982 1164 2040 35

169 2061 372 2134 Aurarumque
392 2058 471 2116 leves
493 2055 608 2116 animae
629 2055 778 2133 calidique
797 2075 946 2132 vapores·

169 2158 196 2217 E
216 2154 323 2232 quibus
342 2154 416 2215 haec
436 2173 532 2214 rerum
554 2152 715 2213 consistere
735 2172 851 2212 summa
871 2151 993 2222 videtur,

169 2252 278 2315 Omnia
298 2251 399 2312 nativo
420 2271 455 2311 ac
475 2252 591 2314 mortali
612 2270 735 2327 corpore
756 2262 903 2324 constant,

169 2354 270 2412 Debet
290 2351 398 2411 eodem
418 2350 514 2410 omnis
535 2348 640 2409 mundi
660 2360 766 2408 natura
784 2348 886 2425 putari.

169 2446 289 2524 Quippe
309 2444 418 2506 etenim
439 2464 565 2523 quorum
585 2456 683 2523 partes
704 2455 734 2505 et
754 2444 887 2504 membra
907 2442 1042 2504 videmus
1106 2463 1165 2514 ²40

169 2546 301 2621 Corpore
321 2542 421 2603 nativo
441 2561 477 2601 ac
496 2541 670 2603 mortalibus
690 2559 755 2601 esse
775 2540 882 2617 figuris,
1062 2542 1065 2548 '

89 2678 98 2683 -
169 2644 258 2702 Haec
278 2641 383 2701 eadem
403 2642 495 2701 ferme
515 2640 652 2699 mortalia
671 2638 820 2699 cernimus
841 2658 906 2699 esse

170 2743 208 2800 Et
228 2737 327 2799 nativa
346 2737 441 2798 simul.
484 2738 674 2815 Quapropter
694 2736 824 2797 maxima
845 2735 948 2797 mundi
1059 2747 1063 2749 ’

168 2839 246 2900 Cum
265 2836 382 2897 videam
403 2837 536 2896 membra
556 2855 591 2895 ac
611 2846 709 2912 partes
729 2845 908 2910 consumpta
926 2833 1047 2913 regigni,

168 2936 248 2996 Scire
267 2934 336 2995 licet
355 2934 429 2994 caeli
450 2943 571 3010 quoque
591 2932 664 2993 item
684 2945 838 3010 terraeque
858 2932 948 2994 fuisse
1106 2955 1142 3007 24
1147 2955 1162 3012 5

169 3030 344 3107 Principiale
366 3030 487 3107 aliquod
508 3040 626 3107 tempus
646 3031 822 3107 clademque
841 3032 976 3090 futuram

209 3129 288 3188 Illud
308 3127 338 3186 in
358 3126 404 3186 his
423 3128 511 3187 rebus
532 3146 570 3186 ne
591 3118 767 3203 corripuisse
786 3126 875 3187 rearis

170 3228 223 3287 Me
243 3222 323 3297 mihi,
345 3224 428 3301 quod
447 3234 554 3283 terram
574 3234 664 3301 atque
683 3222 783 3301 ignem
803 3221 940 3284 mortalia
959 3222 1074 3300 sumpsi

169 3326 243 3383 Esse
263 3339 362 3397 neque
381 3339 515 3381 umorem
536 3319 670 3381 dubitavi
689 3339 835 3397 aurasque
854 3318 950 3397 perire
990 3325 994 3330 ’

168 3424 267 3499 Atque
288 3419 392 3477 eadem
412 3415 492 3496 gigni
512 3434 669 3492 rursusque
688 3435 846 3494 augescere
867 3416 935 3491 dixi,
1088 3434 1165 3495 v250
