2642 3867
465 184 607 243 LIBER
637 185 845 258 Qurnws
1114 208 1148 266 15

199 310 319 386 Quippe
340 310 451 371 etenim
471 312 599 388 primum
619 314 706 373 terrai
726 334 852 391 corpora
871 336 1016 395 quaeque,

159 408 319 482 Propterea
339 407 421 482 quod
442 418 523 469 erant
543 411 642 484 gravia
661 419 692 469 et
712 412 861 487 perplexa,
882 413 1004 476 coibant
1092 435 1150 495 450

159 504 198 561 ln
217 501 319 563 medio
338 512 428 580 atque
447 502 522 563 imas
543 503 701 581 capiebant
722 507 823 567 omnia
843 510 948 586 sedes;

160 599 246 674 Quae
266 610 379 676 quanto
399 600 491 678 magis
511 599 588 661 inter
608 621 641 662 se
661 605 801 679 perplexa
821 605 951 679 coibant,

159 696 235 755 Tam
255 693 347 772 magis
367 714 535 772 expressere
554 716 591 758 ea
610 717 687 775 quae
708 718 788 760 mare
808 698 905 761 sidera
924 703 1018 764 solem

160 794 334 867 Lunamque
355 793 504 854 efficerent
524 804 554 854 et
574 793 676 871 magni
696 796 815 857 moenia
834 798 946 858 mundi.

159 889 269 950 Omnia
288 887 369 949 enim
389 888 482 966 magis
502 890 577 951 haec
597 910 615 950 e
634 891 749 952 levibus
768 902 858 970 atque
878 896 1013 955 rotundis

159 983 325 1046 Seminibus
345 987 499 1062 multoque
515 984 677 1048 ¹minoribu'
696 1000 765 1048 sunt
785 990 940 1050 elementis

160 1083 258 1158 Quam
279 1083 373 1141 tellus.
416 1083 501 1155 Ideo,
522 1100 576 1158 per
595 1101 658 1141 rara
677 1083 833 1155 foramina,
853 1094 946 1146 terrae

160 1180 294 1239 Partibus
314 1199 471 1257 erumpens
490 1178 602 1257 primus
623 1199 655 1241 se
676 1183 793 1242 sustulit
812 1184 914 1243 aether

159 1277 270 1356 Ignifer
289 1288 319 1339 et
339 1280 448 1339 multos
469 1298 571 1339 secum
592 1278 664 1340 levis
684 1280 807 1341 abstulit
827 1281 910 1357 ignes
915 1304 925 1357 ;

159 1380 231 1440 Non
251 1378 309 1437 alia
328 1378 416 1454 longe
436 1376 551 1439 ratione
571 1398 607 1437 ac
628 1397 717 1455 saepe
737 1378 881 1452 videmus,

158 1477 257 1534 Aurea
278 1493 347 1533 cum
367 1472 496 1551 primurn
516 1484 702 1551 gemmantes
721 1493 786 1535 rore
805 1494 860 1552 per
879 1476 984 1536 herbas

160 1573 310 1633 Matutina
329 1571 436 1632 rubent
456 1570 561 1632 radiati
580 1571 695 1631 lumina
715 1571 785 1632 solis

160 1670 364 1745 Exhalantque
384 1669 466 1727 lacus
486 1669 627 1729 nebulam
648 1666 789 1744 fluviique
808 1686 963 1743 perennes,

160 1768 289 1843 Ipsaque
309 1775 342 1825 ut
362 1765 511 1827 interdum
532 1766 618 1825 tellus
638 1765 752 1825 fumare
772 1763 906 1839 videtu13

159 1861 270 1923 Omnia
289 1881 366 1939 quae
387 1880 500 1921 sursum
521 1880 589 1921 cum
610 1859 813 1931 conciliantur,
834 1861 865 1919 in
886 1864 947 1922 alto

160 1958 292 2034 Corpore
313 1966 453 2018 concreto
473 1958 631 2017 subtexunt
651 1954 754 2016 nubila
773 1958 898 2016 caelum.

66 2103 69 2107 .
159 2053 207 2113 Sic
226 2054 313 2132 igitur
333 2064 395 2115 tum
418 2074 450 2115 se
470 2053 543 2115 levis
563 2073 600 2113 ac
619 2053 754 2114 diffusilis
775 2056 878 2114 aether

160 2151 293 2227 Corpore
312 2161 452 2211 concreto
473 2149 672 2211 circumdatus
692 2149 825 2226 undique
846 2150 925 2209 flexit

160 2249 199 2307 Et
218 2248 279 2307 late
298 2245 421 2308 diffusus
441 2247 473 2306 in
493 2265 598 2309 omnes
618 2246 752 2323 undique
773 2257 873 2323 partes

160 2345 270 2406 Omnia
290 2346 333 2405 sic
352 2345 441 2406 avido
461 2346 619 2421 complexu
639 2354 739 2404 cetera
758 2343 877 2420 saepsit
912 2371 915 2379 .

160 2445 253 2503 Hunc
273 2442 394 2503 exordia
414 2454 483 2502 sunt
503 2441 574 2502 solis
594 2443 741 2517 lunaeque
761 2451 872 2513 secum,

159 2541 380 2615 Interutrasque
399 2537 480 2615 globi
500 2557 625 2615 quorum
646 2547 799 2597 vertuntur
817 2535 849 2596 in
869 2537 948 2596 auris
957 2558 967 2611 ;

159 2636 246 2711 Quae
266 2653 365 2712 neque
384 2645 461 2695 terra
481 2632 538 2694 sibi
557 2631 682 2694 adscivit
702 2650 759 2691 nec
779 2631 924 2692 maximus
944 2633 1054 2705 aether,

159 2734 250 2810 Quod
270 2752 368 2809 neque
388 2744 448 2793 tam
470 2734 587 2793 fuerunt
607 2729 707 2809 gravia
728 2741 760 2790 ut
781 2731 922 2807 depressa
942 2733 1089 2804 sederent,

158 2830 225 2889 Nec
245 2829 321 2888 levia
342 2838 375 2887 ut
395 2838 517 2904 possent
537 2845 590 2903 per
610 2843 743 2886 summas
762 2824 855 2887 labier
875 2844 950 2897 oras,
1095 2845 1152 2903 475

160 2929 199 2986 Et
219 2937 320 2987 tamen
339 2925 554 3001 interutrasque
573 2923 615 2984 ita
635 2935 704 2984 sunt
723 2935 757 2985 ut
777 2942 902 3000 corpora
921 2922 988 2983 viva

159 3022 286 3083 Versent
306 3032 336 3082 et
356 3032 453 3097 partes
473 3030 506 3080 ut
526 3020 630 3081 mundi
651 3018 742 3080 totius
762 3029 881 3092 extent3

159 3119 252 3194 Quod
271 3136 363 3195 genus
383 3115 415 3177 in
435 3114 522 3178 nobis
543 3116 692 3191 quaedam
712 3115 781 3175 licet
801 3114 833 3173 in
853 3112 980 3175 statione

161 3213 298 3275 Membra
318 3230 446 3284 manere,
468 3222 569 3271 tamen
589 3229 659 3270 cum
681 3209 739 3271 sint
759 3229 796 3271 ea
815 3228 892 3287 quae
912 3220 1093 3271 moveantur.

161 3311 220 3371 His
238 3309 326 3387 igitur
344 3309 433 3370 rebus
453 3306 585 3367 retractis
605 3318 681 3368 terra
700 3316 830 3383 repente,
1095 3309 1154 3379 480

161 3408 303 3466 Maxuma
322 3422 381 3481 qua
401 3421 481 3462 nunc
502 3420 534 3462 se
554 3401 640 3478 ponti
660 3402 747 3478 plaga
767 3402 883 3460 caemla
902 3399 1006 3474 tendit,

244 3509 274 3550 D.
1046 3508 1065 3556 4
