2642 3867
482 179 622 238 avenn
653 180 862 254 QUINTUS.

172 308 260 377 Arva,
281 324 361 365 novo
381 306 443 365 fetu
464 305 537 381 quid
557 303 686 382 primum
707 306 739 365 in
759 304 878 366 luminis
899 326 965 368 oras

171 401 289 460 Tollere
310 410 340 459 et
359 400 479 461 incertis
499 401 607 461 crerint
627 400 813 462 committere
832 402 937 464 ventis.

211 496 359 575 Principio
377 516 471 575 genus
491 499 646 559 herbarum
668 497 852 575 viridemque
871 499 998 561 nitorem

171 592 263 653 Terra
282 593 366 654 dedit
385 593 497 654 circum
517 595 608 655 colles
629 613 811 672 camposque
830 614 884 672 per
904 614 1007 657 omnes
1016 619 1025 671 3

172 687 291 751 Florida
310 692 453 751 fulserunt
472 690 611 752 viridanti
631 703 716 768 prata
737 694 845 764 colore,

170 784 392 863 Arboribusque
411 788 543 847 datumst
562 785 648 846 variis
669 785 777 846 exinde
797 804 850 863 per
869 806 954 847 auras

172 882 333 943 Crescendi
352 903 492 961 magnum
513 883 641 944 inmissis
662 894 812 945 certamen
832 884 966 945 habenis.

171 978 216 1038 Ut
235 981 338 1057 pluma
357 990 447 1056 atque
467 979 519 1057 pili
539 979 667 1057 primum
688 990 847 1058 saetaeque
867 991 1003 1041 creantur

172 1074 398 1152 Quadripedum
418 1075 558 1138 membris
578 1087 609 1136 et
628 1094 752 1153 corpore
774 1078 1030 1153 pennipotentum,

172 1171 220 1232 Sic
240 1192 318 1233 nova
338 1185 401 1233 tum
422 1175 508 1233 tellus
529 1174 635 1233 herbas
655 1173 839 1250 virgultaque
859 1174 986 1251 primum

170 1268 300 1343 Sustulit,
322 1267 392 1329 inde
413 1269 471 1329 loci
492 1268 627 1329 mortalia
646 1272 745 1329 saecla
764 1270 874 1331 creavit

172 1368 269 1426 Multa
289 1368 386 1428 modis
407 1367 506 1428 multis
527 1366 607 1427 varia
626 1367 741 1427 ratione
761 1379 870 1429 coorta

172 1465 251 1523 Nam
272 1483 369 1541 neque
388 1464 427 1525 de
448 1466 532 1524 caelo
553 1464 695 1524 cecidisse
716 1465 855 1524 animalia
874 1477 999 1543 possunt

172 1564 238 1621 Nec
257 1560 403 1621 terrestria
422 1562 461 1622 de
481 1561 565 1621 salsis
585 1562 680 1621 exisse
700 1562 821 1623 lacunis

172 1655 327 1733 Linquitur
347 1666 380 1716 ut
399 1656 505 1717 merito
526 1666 691 1716 maternum
712 1676 823 1717 nomen
844 1659 953 1734 adepta

172 1754 263 1812 Terra
283 1751 328 1825 sit,
351 1772 367 1811 e
388 1762 464 1812 terra
483 1750 625 1828 quoniam
646 1763 716 1811 sunt
737 1762 845 1813 cuncta
864 1764 969 1815 creata.

173 1850 329 1926 Multaque
349 1868 430 1907 nunc
449 1846 538 1907 etiam
559 1846 687 1908 existunt
706 1847 846 1908 animalia
865 1849 948 1909 terris

173 1945 320 2008 Imbribus
341 1957 370 2007 et
391 1945 487 2006 calido
508 1944 578 2006 solis
598 1957 738 2006 concreta
758 1945 886 2023 vapore;

173 2044 242 2119 Quo
263 2043 361 2102 minus
381 2054 426 2101 est
446 2040 552 2101 mirum
573 2040 598 2100 si
618 2052 683 2101 tum
704 2052 772 2101 sunt
791 2043 876 2118 plura
896 2052 999 2101 coorta

173 2143 212 2201 Et
233 2140 351 2211 maiora,
373 2159 449 2199 nova
470 2141 573 2199 tellure
593 2150 685 2216 atque
705 2141 823 2199 aethere
844 2140 954 2200 adulta

174 2236 321 2313 Principio
341 2256 434 2314 genus
454 2238 577 2296 alituum
598 2236 755 2314 variaeque
774 2238 909 2297 volucres

172 2336 239 2396 Ova
258 2334 462 2413 relinquebant
483 2335 617 2394 exclusae
638 2344 772 2409 tempore
793 2351 892 2405 verno,

173 2430 332 2490 Folliculos
352 2441 384 2490 ut
404 2449 485 2489 nunc
505 2440 612 2489 teretes
632 2439 745 2489 aestate
765 2427 887 2487 cicadae

173 2527 326 2605 Linquunt
346 2538 451 2604 sponte
473 2545 526 2585 sua
545 2526 656 2585 victum
677 2524 827 2602 vitamque
846 2535 989 2602 petentes

172 2625 251 2683 Tum
271 2622 326 2685 tibi
346 2635 422 2684 terra
442 2622 525 2684 dedit
545 2621 674 2699 primurn
695 2620 830 2681 mortalia
851 2623 955 2681 saecla.

174 2723 286 2783 Multus
306 2720 386 2781 enim
406 2721 487 2780 calor
505 2730 594 2796 atque
616 2737 703 2778 umor
723 2720 880 2795 superabat
900 2717 932 2776 in
952 2716 1035 2777 arvis.

174 2823 245 2880 Hoc
263 2817 314 2879 ubi
334 2836 471 2895 quaeque
491 2816 549 2876 loci
569 2816 649 2893 regio
670 2826 838 2892 opportuna
857 2815 991 2888 dabatur,

173 2915 354 2975 crescebant
374 2912 449 2973 uteri
470 2923 575 2975 terram
595 2910 743 2970 radicibus
763 2907 844 2986 apti3

173 3013 257 3088 Quos
277 3008 329 3070 ubi
349 3020 482 3085 tempore
501 3020 618 3066 maturo
638 3005 817 3082 patefecerat
837 3015 935 3063 aestus

173 3109 323 3168 Iniantum
343 3106 458 3183 lugiens
479 3123 612 3164 umorem
633 3100 779 3178 aurasque
799 3112 961 3177 petessens‚

173 3205 372 3266 Convertebat
392 3202 433 3263 ibi
453 3213 558 3262 natura
578 3199 722 3260 foramina
742 3209 836 3258 terrae

173 3304 213 3361 Et
232 3319 337 3360 sucum
355 3298 439 3360 venis
459 3300 585 3375 cogebat
605 3297 728 3355 sundere
748 3293 858 3370 apertis

174 3394 367 3457 Consimilenr
388 3392 479 3467 lactis,
504 3392 579 3451 sicut
599 3407 680 3448 nunc
699 3386 810 3448 semina
830 3405 965 3462 quaeque
