2642 3867
140 146 158 201 6
399 145 467 201 DE
494 144 670 203 RERUM
691 144 880 203 NATURA

138 277 274 350 Tangere
296 270 375 333 enirn
397 291 459 331 non
479 271 543 349 quit
564 274 648 349 quod
668 272 750 349 tangi
769 290 831 332 oon
851 271 922 333 licet
941 270 1047 349 ipsum

140 370 241 445 Quare
261 366 350 428 etiam
370 368 457 429 sedes
477 385 599 444 quoque
620 365 728 427 nostris
749 366 870 428 sedibus
891 385 956 428 esse

141 462 309 525 Dissimiles
330 463 450 534 debent,
473 472 577 523 tenues
598 464 637 523 de
657 481 782 540 corpore
802 481 925 538 eorum;

86 616 88 619 .
141 564 227 639 Quae
247 560 302 624 tibi
322 561 469 639 posterius
489 563 570 638 largo
592 580 729 623 sermone
748 563 892 640 probabo.
1082 582 1094 620 r
1099 579 1115 639 5
1119 579 1136 638 5

142 659 250 719 Dicere
269 675 359 735 porro
379 656 534 718 hominum
554 676 644 717 causa
664 656 793 718 voluisse
813 676 916 735 parare

140 756 323 815 Praeclaram
344 753 450 815 mundi
469 765 604 814 naturam
624 764 841 831 proptereaque

140 851 340 913 Adlaudabile
361 870 438 929 opus
458 850 560 911 divom
580 850 701 911 laudare
722 850 827 911 decere

140 951 363 1024 Aeternumque
385 958 489 1023 putare
509 957 601 1024 atque
621 947 779 1007 inmortale
798 948 937 1019 futurum,

142 1045 210 1105 Nec
229 1045 273 1104 fas
295 1062 367 1117 esse,
390 1044 481 1103 deum
502 1043 586 1120 quod
605 1041 644 1103 sit
663 1042 779 1103 ratione
798 1052 915 1103 vetusta
1083 1047 1139 1102 160

143 1139 289 1201 Gentibus
309 1137 447 1198 humanis
467 1138 625 1198 fundatum
645 1149 793 1215 perpetuo
812 1157 896 1213 aevo,

142 1234 306 1297 Sollicitare
326 1234 386 1294 suis
407 1236 468 1295 ulla
488 1233 517 1293 vi
538 1253 575 1294 ex
594 1233 717 1294 sedibus
737 1253 880 1310 umquam

143 1335 210 1394 Nec
230 1330 326 1393 verbis
347 1350 451 1392 vexare
473 1342 503 1391 et
523 1333 562 1391 ab
582 1330 643 1391 imo
665 1342 795 1392 evertere
815 1351 940 1404 summa,

144 1431 251 1491 Cetera
271 1429 309 1490 de
330 1441 437 1506 genere
458 1430 516 1488 hoc
536 1429 686 1505 adfingere
707 1438 738 1489 et
757 1430 876 1501 addere,
899 1428 1033 1503 Memmi,

144 1526 325 1604 Desiperest
369 1526 452 1602 Quid
472 1525 552 1588 enim
573 1525 781 1588 inmortalibus
801 1538 891 1605 atque
911 1527 1006 1588 beatis
1084 1530 1139 1603 165

144 1624 247 1685 Gratia
267 1634 367 1686 nostra
387 1634 477 1702 queat
496 1624 625 1701 largirier
646 1625 849 1697 emolumenti,

144 1724 188 1783 Ut
208 1732 310 1782 nostra
330 1721 489 1800 quicquam
510 1741 601 1782 causa
621 1742 721 1800 gerere
742 1722 972 1799 adgrediamur?

145 1818 263 1895 Quidve
282 1819 352 1879 novi
372 1817 471 1895 potuit
491 1828 576 1878 tanto
597 1830 668 1896 post
687 1830 756 1879 ante
776 1820 894 1896 quietos

145 1916 272 1977 Inlicere
291 1925 324 1975 ut
344 1925 486 1992 cuperent
506 1913 597 1975 vitam
618 1926 732 1976 mutare
752 1915 903 1993 priorem?

145 2016 225 2074 Nam
245 2014 374 2091 gaudere
393 2012 478 2074 novis
498 2013 587 2073 rebus
608 2014 718 2073 debere
738 2012 855 2074 videtur
1086 2031 1142 2090 170

146 2112 204 2173 Cui
224 2121 337 2172 veteres
359 2111 488 2184 obsunt;
516 2111 570 2171 sed
590 2110 639 2170 cui
660 2111 703 2170 nil
723 2111 832 2172 accidit
852 2111 930 2190 aegri

145 2212 296 2285 Tempore
315 2207 347 2267 in
367 2217 513 2280 anteacto,
535 2226 604 2267 cum
624 2209 748 2285 pulchre
768 2208 888 2286 degeret
907 2230 1023 2281 aevum,

147 2307 229 2383 Quid
250 2305 347 2383 potuit
367 2305 506 2365 novitatis
527 2324 658 2366 amorem
679 2308 843 2368 accendere
864 2306 936 2367 tali?

146 2407 195 2477 At,
218 2403 317 2476 cred0‚
339 2402 370 2461 in
391 2401 520 2462 tenebris
541 2402 602 2463 vita
622 2422 658 2461 ac
679 2422 811 2463 maerore
832 2402 955 2476 iacebat,

148 2502 256 2560 Donec
277 2496 382 2560 diluxit
402 2518 500 2559 rerum
520 2497 656 2575 genitalis
677 2498 767 2577 origo.
1088 2517 1142 2577 175

148 2598 267 2675 Quidve
287 2596 358 2657 mali
377 2598 472 2657 fuerat
492 2596 579 2657 nobis
599 2616 662 2657 non
683 2616 748 2657 esse
769 2596 896 2658 creatis?

149 2698 246 2755 Natus
267 2692 348 2754 enim
368 2694 459 2754 debet
479 2692 661 2770 quicumque
682 2704 726 2753 est
747 2694 822 2753 velle
842 2712 964 2755 manere

150 2792 188 2849 In
207 2788 274 2859 vita,
297 2787 395 2847 donec
414 2786 553 2848 retinebit
573 2787 685 2848 blanda
704 2789 850 2863 voluptas.

149 2884 211 2961 Qui
230 2904 394 2961 numquam
415 2884 494 2944 vero‘
506 2884 584 2945 vitae
603 2884 732 2962 gustavit
752 2903 885 2945 amorem

149 2984 216 3041 Nec
235 2979 290 3040 fuit
310 2979 342 3040 in
362 2999 494 3053 numero,
517 2980 589 3057 quid
610 2981 696 3042 obest
716 3001 779 3042 non
799 3000 865 3043 esse
885 2986 1038 3042 creatum?
1090 2985 1146 3043 180

149 3080 327 3155 Exemplum
347 3097 436 3155 porro
456 3078 614 3157 gignundis
634 3081 722 3140 rebus
743 3091 773 3141 et
793 3080 858 3157 ipsa

150 3176 280 3238 Notities
300 3177 376 3236 divis
396 3176 551 3237 hominum
572 3178 653 3237 unde
674 3189 719 3237 est
739 3176 827 3238 insita
848 3176 984 3256 primum,

76 3346 78 3349 Ι
151 3273 234 3349 Quid
254 3274 363 3334 vellent
382 3274 479 3333 facere
500 3282 533 3332 ut
553 3272 662 3333 scirent
682 3273 842 3351 animoque
863 3272 1019 3334 viderent?

151 3371 258 3446 Quove
278 3370 399 3429 modost
419 3386 561 3442 umquam
582 3370 626 3427 vis
647 3371 766 3445 cognita
785 3370 1000 3447 principiomm
