2642 3867
465 173 607 232 'aranu
638 174 854 249 Qurruws,
1118 194 1151 233 11

159 301 270 363 Omnia
290 310 440 364 tormenta
459 303 564 363 aetatis
584 301 699 380 privata
718 306 841 383 fragore.

199 397 339 476 Denique
358 396 419 458 iam
438 408 521 461 tuere
540 400 608 474 hoc,
629 401 741 462 circum
762 420 911 479 supraque
931 403 1013 479 quod
1033 421 1154 464 omnem

159 496 301 556 Continet
320 496 460 572 amplexu
479 505 604 558 terram:
631 496 657 556 si
677 509 813 574 procreat
833 516 870 558 ex
889 516 922 558 se

159 588 278 665 Omnia,
299 590 383 668 quod
403 590 525 667 quidam
544 603 721 666 memorant,
741 592 904 670 recipitque
924 602 1153 670 perempta,320

158 691 269 747 Totum
290 688 423 748 nativum
443 687 562 749 mortali
581 707 707 767 corpore
727 700 851 751 constat.
1106 679 1108 681 ’

158 784 238 844 Nam
259 784 471 861 quodcumque
490 784 563 845 alias
584 803 622 845 ex
642 804 675 847 se
694 804 741 847 res
761 796 850 864 auget
869 783 990 864 alitque,

158 878 301 941 Deminui
321 881 422 955 debet,
442 879 575 956 recreari,
596 900 667 941 cum
685 880 791 959 recipit
809 901 864 943 res.

198 980 353 1039 Praeterea
373 978 399 1039 si
419 980 502 1041 nulla
519 978 576 1039 fuit
594 978 731 1057 genitalis
751 981 835 1059 origo

157 1076 314 1136 Terrarum
334 1086 364 1137 et
384 1075 459 1138 caeli
472 1094 649 1154 semperque
669 1087 790 1139 aeterna
809 1080 898 1151 fuere,
1093 1095 1150 1157 325

158 1172 219 1233 Cur
238 1191 346 1251 supera
365 1173 477 1233 bellum
498 1175 678 1235 Thebanum
699 1185 730 1235 et
749 1176 853 1236 funera
872 1172 980 1236 Troiae

158 1268 228 1327 Non
249 1267 322 1330 alias
341 1267 392 1329 alii
412 1288 533 1348 quoque
552 1288 599 1330 res
619 1269 755 1333 cecinere
774 1275 904 1347 poetae?

158 1366 228 1441 Quo
248 1374 293 1427 tot
312 1367 390 1426 facta
410 1365 506 1426 virum
528 1364 638 1427 totiens
658 1367 794 1429 cecidere
815 1387 913 1445 neque
934 1387 1059 1446 usquam

158 1462 295 1524 Aeternis
315 1464 412 1525 famae
432 1462 624 1526 monimentis
645 1463 735 1525 insita
752 1466 881 1526 florent?

156 1548 277 1634 Verum,
298 1570 331 1620 ut
351 1559 465 1639 opinor,
488 1562 579 1622 habet
599 1560 764 1622 novitatem
785 1581 902 1622 summa
920 1580 1082 1639 recensque
1092 1580 1152 1638 330

157 1657 298 1716 Naturast
317 1655 422 1716 mundi
442 1675 540 1733 neque
560 1654 676 1732 pridem
697 1657 819 1717 exordia
838 1657 924 1734 cepit.

157 1752 257 1827 Quare
278 1750 367 1813 etiam
388 1755 536 1831 quaedam
557 1772 638 1815 nunc
658 1764 735 1814 artes
756 1753 953 1832 expoliuntur,

158 1850 247 1908 Nunc
261 1849 351 1909 etiam
372 1859 553 1926 augescunt;
580 1868 662 1909 nunc
682 1848 786 1910 addita
805 1848 926 1927 navigiis
947 1861 1015 1910 sunt

157 1947 263 2020 Multa,
285 1946 378 2008 modo
398 1944 528 2023 organici
547 1946 671 2008 melicos
690 1966 834 2025 peperere
853 1965 985 2008 sonores.

157 2042 296 2121 Denique
316 2054 422 2105 natura
441 2045 517 2105 haec
536 2064 635 2106 rerum
655 2044 790 2123 ratioque
809 2055 954 2122 repertast
1093 2061 1149 2122 335

156 2140 268 2218 Nuper,
289 2151 320 2202 et
339 2141 418 2200 hanc
437 2140 549 2218 primus
569 2161 639 2202 cum
659 2140 762 2218 primis
781 2139 846 2218 ipse
866 2151 999 2219 repertus

157 2238 247 2297 Nunc
266 2256 324 2315 ego
345 2255 410 2297 sum
430 2236 463 2296 in
482 2236 592 2315 patrias
613 2236 664 2315 qui
684 2236 797 2314 possim
817 2247 931 2298 vertere
950 2255 1047 2296 voces.
1138 2266 1141 2272 ν

156 2334 246 2411 Quod
267 2332 291 2393 si
311 2335 387 2395 forte
406 2332 496 2394 fuisse
516 2335 642 2394 antehac
663 2335 768 2395 eadem
789 2331 890 2395 omnia
909 2333 1014 2406 credis,

156 2432 216 2493 Sed
235 2429 357 2508 periisse
376 2430 533 2491 hominum
554 2429 678 2492 torrenti
697 2432 796 2491 saecla
815 2450 935 2508 vapore,

156 2530 219 2589 Aut
238 2526 383 2589 cecidisse
402 2529 491 2588 urbes
513 2546 622 2606 magno
643 2525 799 2589 vexamine
819 2526 932 2601 mundi,
1093 2545 1154 2602 340

156 2628 218 2686 Aut
238 2644 276 2687 ex
293 2622 438 2685 imbribus
458 2623 589 2685 adsiduis
610 2622 705 2685 exisse
725 2642 848 2700 rapaces

156 2723 213 2783 Per
232 2730 323 2783 terras
343 2738 447 2781 amnes
468 2731 558 2798 atque
578 2720 692 2799 oppida
711 2719 911 2798 cooperuisse,

156 2821 256 2879 Tanto
276 2817 386 2897 quique
406 2817 500 2897 magis
519 2818 614 2880 victus
634 2820 745 2881 fateare
764 2828 915 2879 necessest

157 2912 288 2977 Exitium
308 2934 429 2994 quoque
449 2925 590 2975 terramm
611 2914 747 2993 caelique
767 2915 905 2975 futurum.

158 3016 237 3074 Nam
258 3032 327 3075 cum
346 3031 394 3075 res
413 3014 503 3075 tantis
523 3013 635 3075 morbis
655 3012 806 3090 tantisque
824 3010 942 3091 periclis
1096 3031 1154 3092 345

156 3114 395 3188 Temptarentur,
415 3107 459 3173 ibi
479 3109 504 3171 si
522 3109 635 3173 tristior
653 3109 836 3173 incubuisset

158 3210 266 3281 Causa,
289 3207 394 3267 darent
413 3206 473 3269 late
493 3207 611 3268 cladem
630 3225 815 3285 magnasque
834 3206 940 3266 ruinas

158 3304 225 3362 Nec
244 3300 359 3363 ratione
379 3300 438 3362 alia
456 3302 597 3363 mortales
617 3320 683 3363 esse
702 3301 838 3363 videmur

157 3404 241 3461 Inter
260 3418 325 3472 nos,
347 3398 404 3459 nisi
425 3398 507 3474 quod
527 3397 639 3459 morbis
659 3397 856 3475 aegrescimus
876 3396 972 3457 isdem
