2642 3867
481 208 623 280 alane
654 220 862 297 QUINTUS.

175 347 242 409 Sive
263 349 345 425 quod
365 346 479 409 inducti
498 358 590 408 terrae
610 346 744 407 bonitate
763 347 903 408 volebant

175 444 309 505 Pandere
329 462 414 521 agros
434 442 559 521 pingues
579 454 610 504 et
629 461 741 521 pascua
759 443 884 502 reddere
904 459 979 514 rura,

174 542 240 603 Sive
259 544 334 604 seras
354 542 516 602 interficere
537 551 567 602 et
587 540 732 601 ditescere
751 539 867 617 praeda

174 640 253 697 Nam
273 641 359 700 fovea
378 647 467 715 atque
487 637 548 716 igni
567 637 648 715 prius
669 647 714 697 est
734 634 866 697 venarier
886 644 984 695 ortum
1087 651 1162 711 1250

174 736 272 812 Quam
292 736 406 814 saepire
426 736 519 815 plagis
540 737 646 797 saltum
667 734 852 812 canibusque
873 732 957 795 ciere.

174 831 326 910 Quidquid
345 832 377 893 id
397 844 451 907 est,
472 851 659 910 quacumque
680 851 697 892 e
717 851 806 892 causa
826 831 980 891 flammeus
1000 830 1087 889 ardor

175 927 318 990 Horribili
337 928 434 990 sonitu
455 928 541 989 silvas
561 929 701 989 exederat
721 928 786 988 altis

173 1026 221 1085 Ab
240 1024 387 1086 radicibus
407 1037 437 1086 et
458 1036 564 1086 terram
585 1036 756 1102 percoxerat
775 1024 846 1102 igni,

174 1122 318 1181 Manabat
337 1120 420 1181 venis
439 1120 618 1180 serventibus
638 1119 670 1179 in
691 1122 758 1180 loca
777 1132 871 1181 terrae
1086 1136 1161 1196 1255

173 1218 315 1277 Concava
334 1215 513 1277 conveniens
533 1214 644 1293 argenti
664 1214 741 1275 rivus
762 1227 792 1276 et
811 1215 883 1287 auri,

172 1311 257 1374 Aeris
276 1310 348 1373 item
368 1323 397 1371 et
417 1309 538 1388 plumbi
582 1311 669 1386 Quae
690 1330 758 1370 cum
778 1322 917 1371 concreta
937 1310 1078 1371 videbant

173 1408 321 1469 Posterius
341 1408 419 1467 claro
440 1408 471 1466 in
492 1419 568 1468 terra
588 1400 746 1485 splendere
765 1409 872 1480 colore,

172 1508 332 1567 Tollebant
352 1504 447 1565 nitido
467 1503 546 1582 capti
565 1504 683 1581 levique
703 1506 815 1582 lepore,

172 1603 212 1661 Et
231 1601 319 1662 simili
337 1603 462 1662 formata
482 1601 624 1662 videbant
644 1620 709 1662 esse
729 1604 822 1679 figura

172 1702 271 1775 Atque
291 1700 462 1759 lacunarum
482 1700 596 1759 fuerant
615 1698 738 1776 vestigia
758 1701 871 1775 cuique.

172 1796 249 1853 Tum
270 1796 444 1871 penetrabat
465 1812 518 1854 eos
538 1811 626 1871 posse
646 1796 721 1854 haec
741 1792 898 1870 liquefacta
917 1796 1015 1856 calore

172 1890 342 1967 Quamlibet
361 1890 393 1950 in
412 1892 537 1951 formam
558 1902 587 1951 et
607 1890 714 1950 faciem
734 1892 887 1952 decurrere
906 1911 1002 1953 rerum

172 1988 211 2046 Et
231 2004 365 2063 prorsum
386 1985 520 2062 quamvis
539 1985 570 2045 in
592 1998 679 2046 acuta
699 2005 735 2046 ac
755 1986 855 2047 tenuia
874 2006 962 2065 posse

173 2085 350 2143 Mucronnm
372 2082 442 2143 duci
461 2080 576 2161 fastigia
596 2083 801 2160 procudendo,
1085 2088 1159 2160 1265

172 2181 217 2241 Ut
236 2179 291 2240 sibi
312 2181 371 2241 tela
391 2181 503 2251 darent,
526 2178 674 2256 silvasque
694 2189 728 2238 ut
747 2178 872 2241 caedere
892 2191 1015 2257 possent

172 2279 387 2355 Materiemque
407 2278 507 2338 dolare
527 2287 557 2337 et
577 2276 653 2337 levia
672 2277 774 2338 radere
794 2277 876 2353 tigna

172 2378 211 2438 Et
232 2377 377 2437 terebrare
397 2374 486 2435 etiarn
507 2393 543 2434 ac
563 2375 740 2451 pertundere
760 2392 871 2450 perque
890 2375 990 2434 forare

172 2472 238 2532 Nec
258 2468 356 2529 minus
376 2476 497 2544 argento
516 2467 612 2527 facere
632 2468 706 2527 haec
725 2486 856 2543 auroque
875 2470 1018 2544 parabant

172 2567 271 2643 Quam
290 2564 379 2626 validi
399 2564 527 2641 primum
547 2563 684 2624 violentis
705 2563 812 2625 viribus
832 2565 906 2625 aeris
914 2586 924 2639 3
1085 2584 1160 2642 1270

172 2661 367 2739 Nequiquam,
388 2658 528 2736 quoniam
549 2659 675 2719 cedebat
694 2658 772 2721 victa
790 2672 922 2738 potestas

172 2762 238 2821 Nec
257 2769 372 2837 poterat
392 2756 501 2835 pariter
519 2757 625 2817 durum
646 2759 765 2819 sufferre
785 2759 924 2820 laborem.

171 2859 250 2916 Tum
269 2853 325 2916 fuit
343 2853 375 2914 in
395 2854 491 2931 pretio
511 2852 605 2931 magis
625 2872 676 2914 aes
696 2874 860 2932 aurumque
880 2855 997 2917 iacebat

171 2954 295 3029 Propter
314 2950 501 3012 inutilitatem
522 2949 622 3011 hebeti
640 2969 782 3012 mucrone
800 2963 939 3012 retusum.

171 3052 260 3109 Nunc
273 3048 350 3109 iacet
363 3067 422 3123 aes,
436 3066 539 3107 aurum
553 3045 584 3106 in
598 3066 747 3107 summum
761 3047 900 3109 successit
912 3049 1065 3110 honorem.
1084 3067 1158 3127 1275

170 3142 219 3204 Sic
239 3143 386 3204 volvenda
405 3152 486 3202 aetas
507 3152 671 3202 commutat
692 3152 825 3219 tempora
844 3162 949 3204 rerum.
1082 3144 1086 3153 “

171 3240 263 3317 Quod
282 3239 336 3300 fuit
355 3240 387 3299 in
407 3237 511 3316 pretio,
532 3240 565 3298 fit
585 3240 668 3299 nullo
688 3238 818 3317 denique
838 3241 969 3316 honore3

172 3341 263 3399 Porro
282 3335 362 3397 aliud
383 3336 516 3397 succedit
535 3346 565 3395 et
585 3355 602 3396 e
622 3335 841 3414 contemptibus
861 3335 922 3397 exit

172 3437 268 3510 Inque
288 3432 353 3493 dies
373 3432 466 3511 magis
485 3431 632 3507 adpetitur
651 3431 794 3507 floretque
813 3443 959 3508 repertum
