2642 3867
469 200 610 259 LIBER
642 200 847 277 QUINTUS

161 325 302 402 Quidque
321 326 398 389 inter
417 347 482 391 sese
501 340 671 406 permutato
690 331 795 394 ordine
814 345 946 410 possent,

162 422 194 484 Si
215 442 278 485 non
297 424 362 503 ipsa
381 424 466 487 dedit
485 428 637 506 specimen
657 440 764 490 natura
783 429 926 491 creandi?

163 521 304 596 Namque
323 519 366 581 ita
385 523 480 583 multa
499 524 598 585 modis
618 523 720 585 multis
739 524 901 603 primordia
921 545 1017 589 rerum

161 616 208 675 Ex
227 614 343 678 infinito
364 617 423 678 iam
443 629 579 697 tempore
599 620 713 697 percita
733 621 828 699 plagis

160 712 408 792 Ponderibusque
429 714 489 777 suis
510 726 692 778 consuerunt
712 717 831 779 concita
851 718 919 779 ferri

161 810 411 890 omnimodisque
431 813 510 874 coire
530 825 621 891 atque
642 814 745 875 omnia
764 826 972 894 pertemptare,

161 908 376 985 Quaecumque
396 907 472 970 inter
492 928 524 971 se
544 921 669 988 possent
690 930 848 989 congressa
868 932 975 988 creare,

161 1008 205 1069 Ut
224 1026 286 1068 non
308 1006 345 1067 sit
365 1008 471 1067 mirum
493 1008 518 1067 si
538 1006 570 1068 in
590 1011 665 1069 tales
686 1010 878 1087 disposituras

161 1101 344 1165 Deciderunt
365 1122 486 1182 quoque
506 1114 536 1166 et
556 1105 588 1165 in
608 1108 684 1167 tales
704 1126 813 1169 venere
833 1117 957 1181 meatus,

161 1198 306 1274 Qualibus
325 1200 401 1260 haec
420 1219 517 1261 rerum
537 1201 649 1279 geritur
668 1222 749 1264 nunc
770 1224 887 1265 summa
906 1206 1056 1266 novando.

185 1296 292 1372 Quod
312 1294 338 1356 si
358 1295 418 1356 iam
437 1316 534 1358 rerum
556 1298 690 1375 ignorem
710 1300 872 1377 primordia
891 1320 968 1380 quae
988 1302 1056 1375 sint,

162 1393 234 1452 Hoc
253 1401 354 1453 tamen
375 1410 412 1453 err
431 1391 502 1470 ipsis
522 1394 598 1455 caeli
617 1394 782 1457 rationibus
803 1396 898 1457 ausim

161 1490 345 1551 Confirmare
364 1488 489 1567 aliisque
509 1509 547 1551 ex
567 1490 655 1551 rebus
676 1492 801 1554 reddere
821 1494 930 1567 multis,

162 1588 359 1664 Nequaquam
381 1586 470 1647 nobis
490 1585 632 1648 divinitus
653 1606 720 1649 esse
739 1600 874 1666 paratam

163 1686 307 1744 Naturam
327 1704 443 1761 rerum;
470 1695 553 1745 tanta
573 1695 631 1746 stat
651 1686 786 1763 praedita
805 1689 901 1764 culpa

162 1779 312 1858 Principio
333 1792 479 1859 quantum
498 1779 573 1842 caeli
594 1782 667 1859 tegit
687 1782 816 1859 impetus
837 1782 949 1862 ingens,

162 1880 239 1940 Inde
259 1878 339 1941 avidi
359 1890 473 1956 partem
495 1891 612 1941 montes
633 1879 785 1958 silvaeque
805 1883 931 1943 serarum

161 1977 332 2047 Possedere,
354 1985 458 2036 tenent
478 1994 564 2053 mpes
584 1987 745 2054 vastaeque
764 1978 889 2054 paludes

162 2076 201 2134 Et
221 2091 302 2133 mare
321 2073 404 2149 quod
423 2074 482 2134 late
502 2083 644 2133 terrarum
665 2072 788 2134 distinet
808 2094 882 2134 oras

162 2170 240 2231 Inde
260 2170 333 2231 duas
353 2188 441 2249 porro
462 2188 555 2247 prope
575 2182 675 2248 partes
694 2171 823 2233 fervidus
842 2174 930 2232 ardor

161 2266 374 2344 Adsiduusque
393 2265 451 2344 geli
471 2285 556 2327 casus
577 2268 750 2330 mortalibus
770 2270 871 2330 aufert.

162 2364 255 2440 Quod
275 2374 407 2443 superest
427 2364 496 2438 arvi,
518 2376 619 2425 tamen
639 2364 672 2426 id
692 2376 797 2426 natura
815 2385 869 2426 sua
889 2364 918 2425 vi

162 2460 300 2523 Sentibus
320 2461 460 2533 obducat,
482 2461 514 2521 ni
534 2462 579 2521 vis
599 2462 731 2523 humana
750 2460 866 2524 resistat

162 2550 351 2619 vitai‘causa
371 2558 471 2619 valido
492 2570 636 2621 consueta
655 2558 771 2621 bidenti

163 2657 318 2735 Ingemere
338 2666 368 2717 et
387 2666 494 2716 terram
515 2658 624 2733 pressis
643 2655 835 2734 proscindere
855 2657 964 2718 aratris.

163 2750 275 2813 sinon
294 2753 436 2817 fecundas
456 2762 604 2813 vertentes
625 2771 745 2812 vomere
765 2754 867 2830 glebas

162 2847 322 2927 Terraique
343 2850 440 2909 solum
461 2846 631 2925 subigentes
652 2848 748 2908 cimus
768 2848 807 2909 ad
828 2858 918 2920 ortus,

161 2946 274 3024 Sponte
294 2964 348 3006 sua
368 2955 519 3022 nequeant
539 2944 667 3021 liquidas
688 2942 814 3007 existere
833 2942 865 3004 in
885 2963 980 3017 auras,

163 3045 202 3103 Et
221 3053 321 3103 tamen
342 3041 490 3102 interdurn
511 3059 620 3118 magno
641 3040 776 3118 quaesita
795 3043 898 3103 labore

163 3140 241 3200 Cum
261 3136 320 3197 iam
341 3155 394 3214 per
413 3147 504 3198 terras
523 3137 663 3198 frondent
683 3148 774 3214 atque
794 3137 896 3198 omnia
916 3139 1029 3211 florent,

163 3236 223 3297 Aut
243 3231 341 3293 nimiis
362 3243 452 3295 torret
472 3232 634 3294 fervoribus
654 3234 802 3295 aetherius
822 3236 868 3294 sol

162 3335 224 3392 Aut
243 3329 334 3393 subiti
352 3340 509 3408 peremunt
528 3328 639 3392 imbres
658 3330 835 3409 gelidaeque
855 3332 985 3409 pruinae,

164 3427 329 3502 Flabraque
348 3436 504 3485 ventorum
525 3426 657 3487 violento
678 3426 793 3487 turbine
813 3436 928 3487 vexant.
