2642 3867
152 212 189 265 24
408 194 477 251 DE
503 194 677 252 RERUM
697 195 885 253 NATURA

150 316 282 379 Reddit:
308 318 425 395 hiemps
446 316 578 394 sequitur
596 316 743 394 crepitans
762 319 841 379 hanc
860 318 999 381 dentibus
1019 322 1097 398 algu.

151 417 220 490 Quo
241 412 339 473 minus
359 424 406 473 est
424 412 530 473 mirum
551 412 575 473 si
596 424 677 475 certo
698 425 832 491 tempore
852 416 923 475 luna

151 509 287 589 Gignitur
307 520 337 571 et
357 520 438 570 certo
457 510 573 571 deletur
592 521 728 588 tempore
747 529 839 584 rusus,
1219 582 1222 588 Ι

151 611 230 672 Cum
250 607 312 668 fieri
331 607 447 685 possint
465 619 526 669 tam
547 620 629 669 certo
649 620 784 685 ternpore
805 611 906 669 multa.
1086 628 1145 687 750

189 705 264 767 Solis
285 704 357 767 item
377 723 497 782 quoque
517 705 650 765 delectus
670 707 819 782 lunaeque
839 706 966 765 latebras

149 803 285 865 Pluribus
305 822 322 864 e
343 802 439 863 causis
459 802 521 863 fieri
543 802 596 862 tibi
617 822 707 880 posse
726 804 930 880 putandumst.

151 904 230 962 Nam
250 922 302 962 cur
322 902 393 962 luna
413 911 503 978 queat
522 910 629 961 terram
650 901 803 961 secludere
824 900 895 960 solis

151 1000 277 1059 Lumine
299 1009 328 1060 et
348 1018 366 1059 a
386 998 469 1065 terris
489 999 582 1057 altum
603 1009 691 1074 caput
712 1000 863 1060 obstruere
884 996 920 1070 ei,

151 1094 292 1158 Obiciens
312 1114 435 1155 caecum
455 1094 544 1154 radiis
564 1093 735 1154 ardentibus
756 1095 858 1154 orbem
867 1116 877 1168 ;
1087 1112 1122 1172 75
1127 1113 1143 1171 5

150 1194 300 1269 Tempore
319 1191 428 1251 eodem
448 1189 529 1251 aliud
550 1191 646 1250 iacere
666 1188 697 1249 id
718 1209 780 1250 non
800 1209 888 1266 posse
907 1200 1026 1266 putetur

151 1290 265 1365 Corpus
286 1288 367 1363 quod
388 1305 504 1345 cassum
524 1286 641 1345 labatur
659 1285 772 1345 lumine
793 1287 930 1362 semper?

150 1386 260 1461 Solque
280 1402 349 1443 suos
370 1383 459 1443 etiam
480 1380 627 1442 dimittere
647 1381 802 1460 languidus
823 1382 906 1458 ignes

151 1484 299 1558 Tempore
319 1500 372 1540 cur
391 1490 473 1540 certo
493 1489 621 1556 nequeat
640 1497 831 1554 recreareque
851 1480 962 1551 lumen,

152 1580 230 1641 Cum
250 1580 317 1639 loca
336 1576 484 1655 praeteriit
505 1577 630 1636 flammis
650 1576 756 1637 infesta
777 1596 830 1653 per
850 1596 944 1650 auras,
1087 1578 1145 1650 760

152 1677 237 1751 Quae
257 1676 369 1743 faciunt
388 1674 471 1753 ignes
490 1672 676 1750 interstingui
696 1685 786 1749 atque
805 1673 923 1751 perire?

152 1776 191 1833 Et
211 1794 264 1833 cur
283 1784 360 1834 terra
379 1784 470 1851 queat
489 1774 590 1832 lunam
611 1771 738 1850 spoliare
757 1772 886 1852 vicissim

152 1868 278 1931 Lumine
298 1880 328 1931 et
348 1888 524 1947 oppressum
544 1870 639 1929 solem
659 1888 747 1946 super
766 1867 832 1945 ipsa
852 1879 960 1939 tenere,

154 1970 308 2026 Menstrua
327 1965 399 2025 dum
420 1963 529 2041 rigidas
549 1964 618 2024 coni
637 1963 798 2041 perlabitur
817 1966 935 2024 umbras
944 1985 954 2037 ;

152 2065 301 2140 Tempore
321 2064 429 2123 eodem
449 2060 530 2122 aliud
551 2071 680 2137 nequeat
700 2080 868 2122 succurrere
888 2062 976 2120 lunae
1088 2062 1142 2136 765

152 2163 268 2237 Corpus
289 2160 336 2219 vel
356 2178 444 2235 supra
463 2156 534 2219 solis
555 2156 700 2235 perlabier
721 2159 833 2229 orbem,

153 2258 243 2334 Quod
262 2255 360 2316 radios
380 2254 574 2331 interrumpat
595 2255 755 2330 lumenque
775 2255 950 2331 profusum?

154 2357 193 2415 Et
212 2365 313 2415 tamen
333 2355 397 2429 ipsa
417 2372 472 2412 suo
493 2351 518 2413 si
538 2352 629 2429 fulget
649 2353 719 2410 luna
739 2351 844 2422 nitore,

153 2453 215 2513 Cur
234 2460 362 2528 nequeat
382 2462 462 2509 certa
483 2450 587 2509 mundi
607 2450 796 2525 languescere
817 2458 908 2525 parte,

153 2550 234 2607 Dum
255 2548 321 2606 loca
340 2544 501 2605 luminibus
522 2543 648 2621 propriis
670 2542 788 2603 inimica
808 2561 862 2619 per
881 2541 963 2603 exit?
1089 2556 1146 2615 77ο

194 2644 285 2719 Quod
305 2652 446 2718 superest,
469 2639 610 2717 quoniam
630 2639 730 2716 magni
750 2658 804 2715 per
824 2640 941 2699 caerula
959 2636 1063 2697 mundi

154 2738 223 2815 Qua
243 2737 305 2799 fieri
325 2734 468 2813 quioquid
488 2746 589 2812 posset
609 2734 725 2795 ratione
744 2733 860 2808 resolvi,

154 2836 230 2898 Solis
249 2834 292 2895 uti
312 2834 407 2894 varios
428 2852 529 2893 cursus
549 2834 696 2909 lunaeque
716 2842 831 2893 meatus

155 2936 286 2995 Noscere
306 2950 463 3010 possemus
483 2949 559 3007 quae
579 2929 624 2989 vis
644 2940 677 2990 et
695 2948 785 2989 causa
804 2928 902 2999 cieret,
1088 2941 1144 3002 775

155 3032 261 3106 Quove
280 3029 374 3089 modo
394 3037 516 3103 possent
536 3028 644 3087 offecto
665 3026 776 3085 lumine
796 3025 879 3084 obire

156 3131 194 3187 Et
214 3144 312 3203 neque
333 3123 488 3201 opinantes
509 3120 638 3181 tenebris
658 3122 808 3182 obducere
828 3132 927 3191 terras,

156 3226 234 3285 Cum
254 3220 338 3299 quasi
358 3217 496 3279 conivent
517 3229 546 3278 et
566 3229 670 3300 aperto
690 3216 802 3277 lumine
820 3234 934 3275 rursum

156 3315 267 3380 Omnia
286 3312 444 3373 convisunt
463 3313 541 3369 clara
561 3310 628 3369 loca
648 3310 776 3369 candida
796 3310 880 3381 luce;

158 3413 247 3471 Nunc
265 3410 356 3470 redeo
376 3408 415 3468 ad
436 3404 539 3465 mundi
559 3404 719 3465 novitatem
741 3414 771 3465 et
790 3402 891 3462 mollia
910 3411 1003 3461 terrae
1090 3404 1147 3476 780
