2642 3867
470 188 609 246 LJBER
640 186 851 260 Qurrvrus.

144 338 146 343 ’
164 320 256 379 Posse
277 316 341 377 dari
362 318 476 377 finem?
501 318 550 377 vel
569 334 641 377 cum
661 318 707 375 sol
727 328 757 375 et
777 333 871 391 vapor
890 312 988 375 omnis
1032 342 1038 353 ·

164 414 312 479 Omnibus
332 412 428 491 epotis
448 412 602 475 umoribus
623 411 838 489 exsuperarint:

165 512 256 587 Quod
268 513 365 572 facere
377 510 544 584 intendunt,
559 530 658 588 neque
672 510 771 571 adhuc
785 519 894 570 conata
906 519 1072 586 patrarunt:
1098 510 1155 586 385

163 609 294 669 Tantum
314 606 504 685 suppeditant
524 625 628 668 amnes
648 608 785 683 ultraque
805 605 955 666 minantur

165 702 275 765 Omnia
294 703 437 765 diluviare
458 724 495 765 ex
515 706 576 767 alto
597 704 711 781 gurgite
731 702 817 781 ponti
828 724 837 776 ;

163 799 363 878 Nequiquam,
385 800 527 879 quoniam
547 812 697 862 verrentes
717 819 847 877 aequora
866 797 948 860 venti

163 896 347 961 Deminuunt
367 897 516 976 radiisque
536 909 672 959 retexens
692 897 840 959 aetherius
860 898 915 969 sol,

164 997 202 1056 Et
222 995 332 1057 siccare
351 995 431 1073 prius
452 996 606 1056 confidunt
627 994 728 1055 omnia
748 1012 837 1070 posse

163 1093 262 1168 Quam
282 1092 379 1171 liquor
399 1091 511 1170 incepti
531 1091 628 1168 possit
647 1090 820 1167 contingere
840 1091 938 1150 finem

102 1230 105 1241 ·
162 1191 293 1250 Tantum
313 1188 457 1267 spirantes
477 1208 576 1267 aequo
596 1188 759 1249 certamine
779 1188 890 1247 bellum

163 1284 282 1363 Magnis
302 1284 379 1345 iuter
398 1304 430 1345 se
450 1286 489 1345 de
508 1286 597 1345 rebus
618 1302 737 1343 cernere
758 1293 880 1354 certant,

163 1383 239 1441 Cum
259 1382 351 1442 semel
371 1380 483 1441 interea
502 1380 589 1441 fuerit
609 1379 795 1457 superantior
815 1378 891 1457 ignis

162 1478 201 1537 Et
221 1478 321 1550 semel,
343 1487 376 1537 ut
395 1477 475 1536 fama
494 1485 549 1547 est,
570 1495 657 1535 umor
677 1473 805 1551 regnarit
826 1474 858 1533 in
877 1473 961 1534 arvis.

162 1574 242 1652 Ignis
263 1574 342 1635 enim
363 1584 481 1651 superat
500 1584 530 1633 et
550 1574 686 1633 lambens
707 1573 801 1630 multa
820 1571 956 1647 perussit,

161 1670 237 1732 Avia
256 1690 325 1730 cum
346 1672 533 1731 Phaethonta
552 1688 644 1745 rapax
664 1668 707 1728 vis
728 1667 799 1727 solis
819 1685 963 1743 equorum
1043 1730 1046 1736 ,

162 1768 289 1828 Aethere
308 1766 434 1843 raptavit
454 1777 518 1825 toto
539 1776 689 1842 terrasque
710 1783 764 1841 per
784 1782 896 1823 omnes.

161 1867 202 1924 At
221 1875 305 1941 pater
325 1862 514 1939 omnipotens
534 1860 576 1922 ira
596 1872 660 1922 tum
681 1860 809 1938 percitus
829 1859 890 1919 acri

162 1959 388 2038 Magnanimum
409 1959 597 2019 Phaethonta
616 1958 734 2035 repenti
754 1957 885 2017 fulminis
904 1956 966 2017 ictu

162 2056 337 2118 Deturbavit
357 2057 441 2134 equis
461 2056 492 2116 in
513 2067 630 2129 terram,
652 2058 757 2133 solque
778 2054 898 2116 cadenti

161 2156 275 2217 Obvius
295 2165 446 2215 aeternam
467 2155 600 2230 succepit
619 2153 760 2230 lampada
779 2152 884 2213 mundi

161 2250 369 2328 Disiectosque
389 2250 502 2327 redegit
522 2268 615 2326 equos
636 2247 791 2326 iunxitque
812 2259 981 2324 trementes,

161 2348 238 2410 Inde
258 2367 344 2409 suum
364 2366 418 2425 per
435 2348 491 2408 iter
510 2343 650 2407 recreavit
670 2357 779 2406 cuncta
798 2346 975 2421 gubemans‚

160 2445 278 2507 Scilicet
298 2455 332 2506 ut
350 2455 464 2506 veteres
486 2444 608 2505 Graium
629 2442 764 2503 cecinere
783 2452 898 2518 poetae.

161 2542 252 2617 Quod
271 2543 374 2619 procul
392 2560 412 2601 a
429 2559 499 2601 vera
518 2538 607 2600 nimis
626 2550 673 2600 est
692 2538 807 2599 ratione
826 2540 984 2617 repulsum.

162 2636 243 2716 Ignis
264 2637 344 2700 enim
365 2657 503 2716 superare
523 2648 623 2715 potest
643 2636 695 2698 ubi
716 2636 850 2698 materiai

161 2736 209 2794 Ex
227 2732 343 2794 infinito
364 2745 432 2794 sunt
452 2752 579 2811 corpora
598 2734 684 2809 plura
704 2745 807 2793 coorta
817 2755 826 2807 ;

161 2830 238 2891 Inde
258 2830 369 2891 cadunt
389 2829 465 2891 vires
484 2830 585 2907 aliqua
603 2830 719 2891 ratione
738 2830 877 2905 revictae,

160 2930 221 2987 Aut
240 2935 365 3004 pereunt
383 2945 430 2988 res
449 2937 572 2988 exustae
591 2926 770 2989 torrentibus
789 2927 875 2987 auris.
1096 2946 1154 2998 410

162 3024 259 3084 Umor
277 3024 350 3084 item
371 3025 524 3101 quondam
545 3023 644 3101 coepit
665 3043 802 3101 superare
823 3032 951 3095 coortus,

161 3120 206 3181 Ut
224 3121 304 3179 sama
325 3130 376 3194 est,
395 3120 554 3182 hominum
574 3122 684 3181 multas
704 3120 826 3198 quando
847 3118 946 3180 obruit
965 3119 1059 3179 urbes.

161 3215 237 3276 Inde
257 3216 309 3277 ubi
329 3215 374 3276 vis
394 3216 494 3295 aliqua
513 3218 628 3278 ratione
647 3234 757 3277 aversa.
769 3214 898 3289 recessit,

161 3314 206 3372 Ex
226 3311 342 3373 infinito
362 3313 456 3373 luerat
476 3331 683 3389 quaecumque
702 3322 814 3384 coorta,

161 3407 365 3470 Constiterunt
384 3408 494 3469 imbres
514 3419 544 3469 et
564 3408 688 3468 flumina
707 3409 768 3468 vim
788 3407 964 3467 minuerunt
1095 3423 1151 3482 415
