2642 3867
175 180 210 235 16
430 174 498 233 DE
524 172 698 231 RERUM
717 173 907 231 NATURA

171 302 302 365 Succidit
322 313 353 363 et
373 303 451 362 salso
472 299 592 361 suffudit
612 302 727 379 gurgite
747 301 849 361 fossas.

172 402 268 475 Inque
289 396 353 458 dies
373 407 487 474 quanto
508 395 619 456 circum
640 395 734 473 magis
753 396 880 457 aetheris
900 407 1000 459 aestus

171 499 211 556 Et
230 494 306 555 radii
326 495 396 555 solis
416 496 564 571 cogebant
584 493 716 571 undique
737 504 843 555 terram

170 589 349 651 Verberibus
370 590 478 651 crebris
499 603 629 651 extrema
648 593 689 652 ad
709 592 812 651 limina
833 592 864 651 in
884 602 988 664 artum,

172 690 209 748 In
229 688 331 749 medio
351 700 385 748 ut
404 691 546 765 propulsa
567 708 621 749 suo
643 690 797 750 condensa
816 689 918 762 coiret,

171 788 248 846 Tam
269 786 362 863 magis
382 806 537 863 expressus
557 788 650 846 salsus
671 787 709 847 de
730 806 854 864 corpore
874 788 965 847 sudor

170 884 308 961 Augebat
329 902 410 943 mare
429 883 585 947 manando
601 902 786 960 camposque
807 894 953 956 natantes,

171 983 210 1040 Et
230 990 314 1039 tanto
334 979 428 1056 magis
447 979 499 1039 illa
518 982 596 1039 foras
617 981 719 1057 elapsa
737 980 879 1040 volabant

172 1080 307 1153 Corpora
327 1079 421 1136 multa
440 1076 557 1153 vaporis
578 1088 609 1137 et
629 1076 705 1136 aeris
726 1078 844 1152 altaque
864 1076 938 1137 caeli

160 1176 348 1237 ·Densebant
369 1177 473 1251 procul
493 1195 512 1233 a
531 1174 615 1234 terris
634 1174 778 1251 fulgentia
799 1176 918 1251 templa.

171 1272 313 1334 Sidebant
334 1272 440 1348 campi,
462 1273 635 1333 crescebant
655 1272 807 1332 montibus
828 1271 894 1331 altis

171 1372 341 1441 Ascensus3
367 1386 465 1443 neque
486 1367 565 1427 enim
586 1378 723 1444 poterant
744 1368 896 1428 subsidere
917 1387 986 1428 saxa

173 1465 239 1523 Nec
258 1463 366 1539 pariter
386 1465 563 1525 tantundem
584 1483 690 1524 omnes
711 1465 906 1525 succumbere
926 1476 1031 1542 partes.
1086 1468 1088 1472 ’

212 1560 261 1621 Sic
280 1559 368 1637 igitur
387 1570 481 1620 terrae
501 1572 642 1621 concreto
663 1580 787 1638 corpore
807 1561 926 1638 pondus

173 1656 313 1720 Constitit
334 1668 424 1734 atque
445 1657 542 1717 omnis
564 1657 669 1717 mundi
690 1655 775 1734 quasi
796 1658 884 1717 limus
903 1658 935 1717 in
955 1656 1047 1716 imum

173 1752 324 1815 Confluxit
342 1752 438 1829 gravis
459 1763 488 1813 et
509 1752 642 1813 subsedit
664 1752 797 1813 funditus
817 1765 850 1813 ut
871 1756 955 1828 saex3

173 1853 249 1912 Inde
270 1870 351 1911 mare
371 1850 441 1910 inde
462 1869 512 1909 aer
532 1849 602 1910 inde
623 1852 725 1910 aether
745 1850 850 1927 ignifer
869 1850 933 1927 ipse

173 1946 354 2024 Corporibus
374 1943 493 2022 liquidis
514 1955 582 2004 sunt
603 1945 705 2005 omnia
724 1965 796 2022 pura
817 1945 926 2019 relicta,

173 2044 213 2102 Et
232 2041 346 2103 leviora
360 2040 423 2100 aliis
444 2039 510 2112 alia,
532 2051 562 2100 et
581 2039 795 2117 liquidissimus
815 2043 918 2102 aether

173 2142 272 2216 Atque
292 2136 457 2197 levissimus
477 2136 570 2197 aerias
590 2156 680 2216 super
700 2138 794 2197 influit
815 2157 908 2210 auras,

174 2238 240 2295 Nec
259 2233 403 2312 liquidum
424 2253 531 2311 corpus
552 2235 739 2296 turbantibus
759 2235 834 2295 aeris
854 2235 932 2295 auris

173 2334 375 2409 Commiscet;
402 2333 472 2394 sinit
492 2335 567 2395 haec
588 2334 725 2395 violentis
745 2337 846 2395 omnia
865 2334 939 2394 verti

173 2430 362 2503 Turbinibus,
383 2430 453 2490 sinit
472 2431 591 2491 incertis
612 2431 728 2491 turbare
747 2430 892 2508 procellis,

174 2530 244 2605 Ipse
264 2548 334 2589 suos
353 2527 436 2605 ignes
456 2540 538 2590 certo
558 2529 613 2588 fert
633 2527 745 2605 impete
765 2528 877 2588 labens.

174 2628 254 2685 Nam
274 2624 392 2686 modice
413 2626 503 2686 fluere
524 2637 613 2702 atque
635 2643 697 2685 uno
717 2645 806 2702 posse
825 2626 945 2687 aethera
965 2624 1031 2684 nisu

173 2720 323 2798 Significat
344 2724 466 2793 Pontos,
488 2741 568 2781 mare
588 2733 670 2782 certo
691 2723 774 2798 quod
793 2721 859 2782 fluit
878 2731 961 2782 aestu

175 2820 278 2878 Unum
298 2817 420 2878 labendi
440 2837 618 2878 conservans
639 2837 734 2895 usque
753 2829 895 2878 tenorem.

215 2912 351 2973 Motibus
372 2925 517 2974 astrorum
538 2933 620 2974 nunc
640 2933 718 2991 quae
739 2914 776 2975 sit
797 2934 886 2974 causa
905 2932 1055 2973 canamus.

175 3008 323 3085 Principio
343 3029 466 3087 magnus
487 3007 562 3070 caeli
583 3008 608 3070 si
627 3011 750 3070 vertitur
769 3008 856 3081 orbis,
1112 3029 1175 3087 510

175 3108 221 3167 Ex
240 3117 364 3184 utraque
384 3110 487 3185 polum
507 3107 584 3185 parti
604 3127 739 3185 premere
759 3127 827 3168 aera
847 3106 935 3168 nobis

175 3203 344 3263 Dicendum
366 3215 410 3264 est
431 3215 571 3281 extraque
592 3214 695 3265 tenere
715 3216 746 3265 et
766 3205 904 3263 claudere
923 3200 1091 3280 utrimque3

176 3299 252 3358 Inde
272 3296 362 3358 alium
384 3320 472 3377 supra
491 3302 582 3363 fluere
603 3312 693 3377 atque
712 3299 867 3372 intendere
886 3299 993 3359 eodem

176 3392 246 3469 Quo
266 3394 413 3456 volvenda
433 3395 545 3457 micant
565 3397 677 3459 aeterni
697 3395 793 3456 sidera
813 3394 935 3469 mundi;

1288 3521 1295 3846 l
