2642 3867
476 212 617 272 LIBER
647 214 854 289 QUINTUS
952 255 954 259 .
1125 234 1161 296 35

173 338 325 401 Divitioris
345 342 426 401 enim
446 351 558 402 sectam
578 343 753 420 plerumque
774 357 936 421 sequuntur
1087 366 1161 425 1115

172 437 354 513 Quamlubet
375 447 406 498 et
424 438 515 498 fortes
535 449 565 498 et
585 440 710 516 pulchro
730 458 853 517 corpore
873 442 953 503 creti

172 538 264 612 Quod
283 534 375 612 siquis
395 553 464 595 vera
483 534 573 595 vitam
593 534 709 597 ratione
728 540 881 615 gubernet,

173 633 302 694 Divitiae
321 633 446 710 grandes
467 631 582 692 homini
602 644 671 693 sunt
691 632 788 695 vivere
808 654 897 711 parce

171 732 277 806 Aequo
297 729 416 802 anim03
442 748 540 805 neque
561 728 641 789 enim
662 740 708 791 est
727 750 869 807 umquam
890 734 1014 810 penuria
1035 735 1127 812 parvi.

171 831 212 889 At
231 830 326 891 claros
345 826 481 888 homines
500 830 657 888 voluerunt
678 847 710 889 se
730 840 820 906 atque
840 841 986 908 potentes,
1086 852 1162 892 1120

172 928 215 987 Ut
233 927 427 986 fundamento
447 924 545 986 stabili
564 926 683 986 fortuna
703 940 836 989 maneret

171 1021 210 1081 Et
230 1023 378 1100 placidam
398 1034 521 1100 possent
540 1022 674 1100 opulenti
695 1025 802 1100 degere
821 1026 912 1086 vitam
922 1046 931 1099 ;

171 1117 369 1194 Nequiquam,
391 1116 534 1195 quoniam
554 1119 593 1178 ad
614 1138 764 1180 summurn
786 1122 944 1183 succedere
963 1123 1107 1184 honorem

170 1216 326 1276 Certautes
344 1214 402 1276 iter
420 1214 560 1276 infestum
579 1216 676 1276 fecere
696 1214 763 1289 viai,

169 1312 210 1371 Et
229 1321 329 1371 tamen
349 1330 367 1372 e
386 1330 512 1386 summo,
535 1310 620 1388 quasi
639 1312 762 1385 fulmen,
783 1312 874 1373 deicit
894 1313 969 1374 ictos
1061 1328 1066 1334 ’
1087 1334 1140 1374 112
1145 1332 1160 1392 5

171 1406 287 1467 Invidia
306 1405 454 1467 interdum
475 1407 672 1486 contemptim
692 1408 724 1468 in
744 1410 867 1470 Tartara
887 1420 999 1485 taetra;

170 1502 289 1564 Invidia
308 1504 458 1580 quoniam,
480 1524 535 1565 ceu
555 1505 687 1579 fulmine,
709 1525 826 1566 summa
844 1517 988 1585 vaporant

170 1602 349 1676 Plerumque
370 1610 400 1660 et
420 1619 498 1677 quae
518 1611 587 1660 sunt
606 1600 670 1661 aliis
691 1602 785 1679 magis
806 1602 887 1663 edita
906 1622 1053 1679 cumque3

81 1740 88 1749 ·
170 1698 215 1758 Ut
235 1694 327 1756 satius
347 1698 441 1756 multo
461 1696 521 1755 iam
542 1695 579 1757 sit
599 1716 702 1774 parere
723 1698 856 1775 quietum

170 1796 269 1872 Quam
288 1813 389 1872 regere
409 1793 532 1872 imperio
553 1813 599 1855 res
619 1796 696 1855 velle
716 1805 745 1855 et
766 1814 855 1873 regna
874 1806 982 1858 tenere.
1087 1816 1164 1873 1130

171 1893 299 1954 Proinde
319 1891 383 1953 sine
403 1891 552 1951 incassum
572 1890 682 1952 defessi
702 1892 845 1970 sanguine
865 1894 983 1967 sudent,

170 1994 337 2067 Angustum
357 2008 410 2065 per
429 1988 485 2049 iter
504 1989 649 2049 luctantes
669 1988 840 2051 ambitionis
850 2012 858 2065 3

171 2084 423 2163 Quandoquidem
444 2085 563 2162 sapiunt
583 2083 680 2146 alieno
701 2104 738 2145 ex
757 2104 808 2146 ore
828 2096 994 2163 petuntque

170 2189 232 2247 Res
253 2205 289 2247 ex
308 2185 417 2245 auditis
437 2185 537 2261 potius
558 2204 648 2262 quam
669 2185 803 2246 sensibus
822 2184 903 2263 ipsis,

171 2284 237 2343 Nec
250 2282 343 2360 magis
357 2281 389 2343 id
402 2300 483 2341 nunc
497 2290 542 2343 est
555 2300 653 2358 neque
669 2283 723 2342 erit
737 2301 808 2343 mox
820 2302 911 2359 quam
924 2282 978 2342 fuit
992 2292 1070 2343 ante.
1087 2299 1161 2359 1135

210 2380 289 2455 Ergo
310 2375 428 2455 regibus
448 2374 553 2437 occisis
573 2377 713 2437 subversa
733 2374 849 2436 iacebat

170 2475 296 2538 Pristina
316 2475 455 2534 maiestas
475 2475 617 2534 soliorum
637 2484 668 2535 et
689 2482 805 2549 sceptra
825 2475 961 2550 superba,

171 2576 211 2634 Et
230 2570 336 2649 capitis
356 2571 463 2631 summi
483 2570 665 2647 praeclarum
685 2567 800 2646 insigne
820 2579 976 2629 cruentum

170 2671 232 2732 Sub
251 2668 377 2747 pedibus
398 2668 477 2744 vulgi
498 2686 637 2745 magnum
658 2668 779 2743 lugebat
799 2667 943 2726 honorem
953 2689 963 2742 3

171 2770 251 2827 Nam
272 2764 381 2843 cupide
401 2765 592 2825 conculcatur
610 2762 698 2823 nimis
719 2774 789 2824 ante
809 2774 962 2824 metutum.
1089 2784 1165 2836 1140

172 2866 234 2923 Res
253 2862 354 2939 itaque
374 2863 414 2922 ad
434 2879 580 2920 summam
600 2861 713 2920 faecem
735 2860 896 2935 turbasque
916 2858 1040 2931 redibat,

172 2958 333 3037 Imperium
354 2957 411 3018 sibi
430 2977 499 3017 cum
519 2975 557 3016 ac
577 2967 757 3016 summatum
779 2956 904 3033 quisque
925 2958 1053 3033 petebat

173 3056 250 3115 Inde
270 3055 471 3131 magistratum
491 3050 598 3131 partim
621 3053 749 3111 docuere
770 3070 868 3113 creare

173 3154 302 3228 luraque
321 3151 509 3222 constituere,
530 3159 563 3210 ut
583 3151 692 3210 vellent
712 3148 827 3225 legibus
847 3149 899 3209 uti.

173 3249 253 3306 Nam
272 3263 366 3322 genus
386 3245 559 3317 humanum,
580 3244 730 3304 defessum
751 3243 780 3304 vi
800 3245 899 3305 colere
919 3263 1033 3318 aevom,
1087 3262 1163 3323 1145

172 3345 220 3403 Ex
239 3340 399 3401 inimicitiis
419 3342 596 3418 languebat3
623 3360 685 3417 quo
705 3340 799 3417 magis
819 3343 917 3418 ipsum

173 3442 287 3518 Sponte
307 3458 360 3499 sua
380 3437 489 3497 cecidit
510 3439 565 3498 sub
585 3438 666 3514 leges
687 3448 809 3514 artaque
830 3437 900 3498 iura.
