2642 3867
478 182 619 267 narn
649 207 859 282 QUINTUS.
1126 230 1163 285 23

169 335 363 397 Consimilem
384 358 545 415 cursusque
565 338 644 400 viam
665 340 723 400 sub
742 340 806 400 sole
827 350 935 401 tenere.

169 433 223 491 Est
244 432 334 493 etiam
354 452 446 510 quare
465 434 584 511 proprio
605 453 675 494 cum
695 433 808 495 lumine
827 434 921 512 possit
1106 452 1162 513 715

168 526 290 587 Volvier
310 538 339 588 et
359 528 452 589 varias
473 528 640 606 splendoris
660 530 785 591 reddere
804 531 921 591 fortnas

168 624 285 700 Corpus
304 624 384 685 enim
405 624 474 687 licet
494 645 559 687 esse
578 625 661 687 aliud
681 629 764 704 quod
784 628 875 689 fertur
895 639 925 688 et
944 648 1004 690 una

170 720 292 779 Labitur
311 720 493 782 omnimodis
513 742 671 783 occursans
692 722 884 800 efficiensque

168 818 234 875 Nec
254 816 333 892 potis
355 828 399 878 est
418 818 508 891 cerni,
530 819 600 895 quia
619 839 736 880 cassum
758 820 868 880 lumine
888 821 985 881 fertur.

167 913 342 991 Versarique
362 926 468 992 potest,
490 918 597 993 globus
617 927 659 989 ut,
681 916 706 977 si
727 918 811 991 forte,
833 916 904 994 pilai
1105 935 1162 993 720

168 1008 300 1070 Dimidia
320 1030 357 1071 ex
377 1011 454 1088 parti
474 1011 615 1072 candenti
635 1012 747 1073 lumine
767 1012 886 1085 tinctus,

166 1108 383 1185 Versandoque
402 1110 526 1185 globum
546 1109 691 1169 variantes
713 1110 801 1169 edere
822 1110 940 1182 formas,

167 1204 307 1282 Donique
327 1226 394 1267 eam
413 1218 536 1284 partem,
557 1226 764 1284 quaecumque
784 1218 828 1267 est
849 1207 966 1285 ignibus
985 1218 1080 1282 aucta,

168 1303 214 1362 Ad
236 1302 365 1379 speciem
387 1304 473 1365 vertit
492 1304 579 1365 nobis
600 1305 764 1381 oculosque
782 1314 936 1381 patentes3

167 1399 245 1459 Inde
265 1398 432 1460 minutatim
453 1410 530 1461 retro
551 1410 729 1476 contorquet
750 1410 780 1460 et
800 1401 895 1460 aufert
1105 1416 1159 1477 725

168 1495 332 1556 Luciferam
354 1507 469 1573 partem
489 1495 709 1573 glomeraminis
729 1506 819 1573 atque
839 1494 928 1572 pilai3

167 1593 211 1652 Ut
231 1592 412 1670 Babylonica
433 1593 618 1654 Chaldaeum
639 1593 775 1652 doctrina
795 1593 925 1652 refutans

165 1690 388 1767 Astrologorum
409 1698 502 1749 artem
524 1700 627 1748 contra
646 1688 823 1748 convincere
843 1686 946 1761 tendit,

166 1785 294 1847 Proinde
314 1788 397 1863 quasi
417 1785 449 1846 id
469 1786 531 1847 fieri
552 1797 682 1864 nequeat
702 1786 784 1862 quod
804 1796 917 1863 pugnat
938 1796 1061 1863 uterque

165 1887 227 1944 Aut
246 1882 344 1943 minus
363 1885 423 1943 hoc
444 1883 495 1943 illo
516 1882 553 1943 sit
573 1902 626 1943 cur
647 1880 818 1959 amplectier
838 1882 925 1943 ausis.
1103 1897 1118 1958 7
1123 1903 1161 1958 30

167 1980 303 2059 Denique
323 2000 376 2041 cur
395 1992 526 2057 nequeat
546 1999 664 2058 semper
685 1998 763 2039 nova
782 1980 853 2038 luna
873 1979 964 2040 creari

166 2077 278 2140 Ordine
297 2079 457 2139 formarum
477 2088 559 2138 certo
579 2078 726 2153 certisque
746 2076 845 2154 figuris

168 2176 265 2253 inque
285 2176 350 2237 dies
371 2175 469 2253 privos
490 2175 616 2237 aborisci
636 2194 774 2252 quaeque
794 2185 892 2235 creata

150 2262 264 2349 'Atque
284 2272 342 2333 alia
361 2273 440 2334 illius
459 2272 586 2350 reparari
605 2272 636 2332 in
657 2283 742 2349 parte
761 2274 897 2349 locoque,

166 2368 321 2429 Difficilest
341 2368 455 2430 ratione
474 2371 583 2430 docere
603 2379 634 2429 et
653 2370 771 2429 vincere
791 2366 898 2441 verbis,
1103 2385 1159 2445 735

165 2464 278 2528 Ordine
298 2482 366 2524 cum
387 2464 503 2541 possint
523 2475 584 2525 tam
605 2476 688 2525 certo
708 2465 801 2523 multa
821 2462 920 2524 creari.

166 2564 195 2621 It
215 2581 268 2621 ver
286 2572 317 2622 et
337 2564 448 2635 Venus,
470 2573 501 2623 et
521 2561 645 2623 Veneris
666 2560 861 2638 praenuntius
880 2572 949 2620 ante

166 2658 316 2718 Pennatus
336 2658 474 2735 graditur,
497 2658 617 2736 zephyri
637 2657 761 2736 vestigia
780 2669 901 2735 propter

166 2756 254 2814 Flora
273 2754 381 2831 quibus
402 2766 495 2815 mater
514 2773 727 2832 praespargens
747 2765 817 2814 ante
837 2754 895 2814 viai

166 2853 282 2911 Cuncta
301 2851 449 2912 coloribus
471 2850 593 2929 egregiis
613 2861 644 2912 et
665 2850 806 2911 odoribus
827 2852 939 2927 opplet„
1104 2867 1161 2927 740

165 2949 242 3009 Inde
262 2947 321 3009 loci
342 2948 473 3025 sequitur
493 2948 574 3008 calor
593 2947 693 3008 aridus
713 2959 743 3008 et
763 2966 865 3008 comes
885 2966 945 3007 una

166 3047 374 3106 Pulverulenta
395 3047 485 3108 Ceres
506 3056 537 3106 et
557 3044 648 3106 etesia
668 3046 761 3106 flabra
780 3045 963 3121 aquilonum.

166 3142 243 3203 Inde
262 3153 420 3202 autumnus
441 3142 512 3215 adit,
531 3142 662 3219 graditur
682 3141 769 3201 simul
790 3141 905 3201 Euhius
927 3143 1019 3201 Euan.

166 3238 242 3298 Inde
262 3237 337 3299 aliae
358 3248 547 3315 tempestates
568 3236 709 3314 ventique
729 3248 900 3315 sequuntur,

165 3338 333 3398 Altitonans
353 3339 515 3398 Volturnus
536 3347 566 3398 et
586 3348 686 3397 auster
705 3337 828 3397 fulmine
848 3337 972 3413 pollens.
1103 3355 1159 3413 745

166 3433 304 3493 Tandem
324 3433 429 3492 bmma
449 3432 532 3493 nives
552 3434 646 3493 adfert
667 3429 843 3508 pigrumque
863 3430 987 3505 rigorem
