2642 3867
490 180 630 239 LIBER
660 181 866 255 QUJNJUS.
1158 196 1175 260 5

184 304 244 380 Qui
263 304 377 366 ratione
398 324 452 365 sua
471 304 636 367 disturbent
656 304 775 365 moenia
794 304 899 366 mundi

183 403 430 478 Praeclarumque
449 402 543 463 velint
563 402 637 464 caeli
657 401 838 481 restinguere
858 404 960 475 solem,
1120 424 1176 464 120

183 497 356 557 Inmortalia
376 497 491 559 mortali
511 516 646 559 sermone
667 508 824 571 notantes3

183 592 268 668 Quae
288 595 392 671 procul
412 614 506 671 usque
526 596 604 657 adeo
623 594 726 655 divino
746 615 765 655 a
784 594 906 656 numine
925 595 1046 668 distant,

183 691 279 766 Inque
300 692 389 751 deum
410 709 540 751 numero
555 708 632 767 quae
653 690 712 750 sint
732 689 854 767 indigna
872 689 1017 766 videntur,
1087 724 1089 730 ·

182 786 328 848 Notitiam
348 786 446 865 potius
466 788 606 865 praebere
626 798 660 848 ut
679 805 769 866 posse
789 798 930 864 putentur

182 885 265 960 Quid
285 886 324 947 sit
343 886 424 946 vitali
445 896 529 947 motu
550 904 699 963 sensuque
719 898 876 948 remotum
1121 908 1173 965 ¹25

182 980 303 1059 Quippe
324 981 433 1043 etenim
453 993 589 1055 nonest,
611 1001 681 1042 cum
702 980 808 1058 quovis
828 1000 952 1059 corpore
971 993 1004 1043 ut
1024 1002 1089 1043 esse

182 1081 275 1140 Posse
295 1078 386 1139 animi
406 1090 509 1139 natura
529 1090 648 1155 putetur
669 1079 885 1157 consiliumque
892 1101 903 1155 3

180 1176 262 1236 Sicut
281 1174 314 1235 in
333 1177 452 1237 aethere
472 1196 534 1238 nou
555 1178 650 1251 arbor,
673 1196 735 1237 non
755 1197 885 1255 aequore
905 1180 983 1238 salso

183 1274 287 1333 Nubes
308 1291 372 1333 esse
393 1282 506 1349 queunt
526 1292 623 1349 neque
644 1271 741 1350 pisces
761 1272 860 1334 vivere
879 1272 911 1333 in
931 1274 1006 1335 arvis

182 1370 248 1429 Nec
267 1387 353 1427 cruor
372 1368 403 1428 in
423 1368 508 1446 lignis
529 1388 628 1445 neque
648 1368 726 1428 saxis
745 1388 834 1429 sucus
853 1368 957 1431 inesse.
1120 1390 1175 1445 130

182 1466 305 1525 Certum
326 1483 362 1524 ac
382 1462 588 1541 dispositumst
607 1464 658 1525 ubi
680 1464 823 1541 quicquid
843 1477 956 1526 crescat
976 1476 1005 1525 et
1025 1463 1103 1525 insit.

181 1560 230 1620 Sic
250 1559 342 1619 animi
362 1571 466 1619 natura
486 1558 590 1637 nequit
610 1558 675 1620 sine
695 1579 820 1637 corpore
840 1560 909 1623 oriri

181 1658 251 1718 Sola
271 1676 369 1735 neque
389 1677 408 1717 a
426 1656 524 1718 nervis
544 1668 574 1717 et
595 1657 737 1734 sanguine
758 1656 884 1734 longiter
903 1676 976 1719 esse.

176 1755 273 1830 ‘Quod
293 1755 318 1815 si
338 1757 454 1833 (posset
473 1755 669 1819 enimmulto
689 1753 782 1831 prius)
803 1752 868 1831 ipsa
887 1752 978 1814 animi
998 1752 1043 1815 vis

181 1854 219 1911 In
239 1852 336 1929 capite
357 1862 408 1912 aut
429 1851 537 1913 umeris
558 1862 609 1911 aut
630 1850 697 1911 imis
718 1852 848 1911 calcibus
869 1870 934 1912 esse
1118 1870 1152 1927 13
1157 1872 1172 1929 5

180 1953 286 2011 Posset
305 1960 336 2011 et
355 1948 469 2009 innasci
489 1949 591 2026 quavis
612 1946 643 2007 in
663 1958 757 2025 pme,
778 1950 885 2010 soleret

180 2049 317 2108 Tandem
337 2047 369 2107 in
389 2048 496 2108 eodem
516 2044 638 2106 homine
658 2057 750 2124 atque
769 2045 801 2106 in
820 2047 928 2107 eodem
947 2065 1017 2107 vase
1036 2065 1163 2107 manere.

181 2144 273 2218 Quod
293 2142 434 2219 quoniam
455 2153 557 2202 nostro
578 2159 698 2220 quoque
718 2154 835 2203 constat
855 2160 980 2219 corpore
1000 2154 1113 2203 certum

180 2238 426 2317 Dispositumque
446 2238 562 2301 videtur
580 2238 632 2298 ubi
652 2258 718 2299 esse
739 2250 769 2300 et
790 2258 920 2299 erescere
939 2237 1034 2315 possit

179 2337 317 2397 Seorsum
330 2334 431 2395 anima
444 2346 534 2412 atque
548 2333 673 2407 animus,
689 2344 773 2395 tanto
787 2334 880 2411 magis
892 2334 1078 2394 infitiandum
1116 2355 1172 2408 140

178 2435 291 2492 Totum
311 2450 400 2509 posse
421 2442 503 2491 extra
522 2449 630 2509 corpus
649 2432 835 2508 formamque
855 2431 1013 2492 animalem

179 2526 317 2586 Putribus
337 2526 369 2586 in
389 2525 483 2604 glebis
503 2536 644 2586 terrarum
664 2538 716 2586 aut
736 2528 807 2586 solis
827 2525 858 2586 in
879 2524 939 2603 igni

178 2627 239 2685 Aut
258 2624 290 2683 in
310 2643 390 2701 aqua
409 2625 515 2685 durare
534 2635 586 2685 aut
606 2623 674 2685 altis
693 2624 822 2685 aetheris
842 2623 909 2686 oris.

179 2722 273 2782 Haud
293 2721 380 2799 igitur
399 2731 538 2782 constant
557 2720 660 2782 divino
680 2720 814 2798 praedita
833 2740 931 2793 sensu,

178 2817 429 2895 Quandoquidem
449 2829 604 2895 nequeunt
624 2816 750 2878 vitaliter
769 2837 834 2878 esse
854 2817 994 2878 animata.
1115 2836 1168 2896 ¹45

218 2916 298 2975 lllud
318 2914 390 2976 item
410 2934 472 2975 non
493 2925 538 2975 est
558 2926 590 2975 ut
610 2914 707 2992 possis
727 2916 855 2990 credere,
877 2915 964 2975 sedes

177 3014 251 3073 Esse
271 3012 361 3072 deum
381 3022 499 3071 sanctas
519 3010 550 3071 in
571 3009 676 3070 mundi
695 3010 828 3089 partibus
847 3012 922 3071 ullis

176 3106 289 3169 Tenuis
309 3105 388 3168 enim
409 3117 513 3168 natura
532 3107 622 3168 deum
642 3110 792 3185 longeque
812 3120 927 3171 remota

175 3204 317 3265 Sensibus
336 3205 377 3263 ab
397 3202 504 3265 nostris
524 3203 616 3265 animi
636 3206 686 3265 vix
704 3216 805 3266 mente
824 3206 958 3279 videtum

176 3300 262 3376 Quae
283 3300 424 3377 quoniam
445 3319 586 3361 manuum
606 3311 719 3362 tactum
740 3301 857 3380 suffugit
876 3313 907 3363 et
926 3300 1028 3374 ictum,
1108 3320 1169 3381 ,150

175 3397 291 3459 Tactile
311 3396 355 3456 nil
374 3396 462 3457 nobis
483 3397 565 3476 quod
586 3395 622 3455 sit
643 3395 813 3477 contingere
834 3397 930 3459 debet
