2642 3867
479 204 619 263 araur
651 203 859 278 poturus.
923 182 925 186 ’

171 330 237 389 Nec
256 338 380 405 potuere
400 327 533 405 cupitum
553 327 659 389 aetatis
680 340 800 406 tangere
820 331 923 389 florem

171 426 236 485 Nec
254 424 380 501 reperire
399 422 499 486 cibum
519 444 577 485 nec
596 424 679 502 iungi
698 445 752 501 per
771 424 895 486 Veneris
914 445 968 487 res

170 524 268 582 Multa
287 521 423 582 videmus
444 520 524 582 enim
544 524 633 582 rebus
653 541 828 582 concurrere
847 523 966 595 debere,

127 668 130 676 .
169 621 213 680 Ut
234 618 426 695 propagando
445 618 561 694 possint
581 618 748 694 procudere
767 619 874 679 saecla
1103 621 1162 694 850

209 717 366 791 Multaque
379 725 443 775 tum
463 713 608 775 interiisse
622 713 807 775 animantum
826 714 925 774 saecla
942 723 1089 774 necessest
1103 716 1160 790 855

169 812 235 870 Nec
254 812 387 888 potuisse
407 812 601 888 propagando
621 811 786 887 procudere
806 811 931 886 prolem.

169 908 248 965 Nam
267 925 474 983 quaecumque
494 906 577 967 vides
598 904 678 966 vesci
698 904 836 966 vitalibus
856 904 941 978 auris,

170 1006 229 1064 Aut
248 1004 336 1064 dolus
356 1014 407 1065 aut
427 1002 518 1063 virtus
538 1013 588 1062 aut
609 1000 742 1078 denique
761 1000 910 1066 mobilitas
930 1011 975 1061 est

168 1101 214 1169 Ex
233 1098 355 1160 ineunte
374 1118 449 1160 aevo
469 1118 563 1175 genus
583 1098 615 1158 id
635 1108 731 1159 tutata
750 1117 907 1159 reservans

168 1197 324 1273 Multaque
344 1207 420 1267 sunt,
442 1196 529 1256 nobis
549 1215 587 1257 ex
607 1196 733 1256 utilitate
753 1214 807 1255 sua
826 1213 903 1273 quae
1103 1194 1162 1251 860

167 1293 386 1354 Commendata
405 1303 535 1366 manent,
556 1295 668 1353 tutelae
688 1291 795 1352 tradita
814 1302 943 1353 nostrae.

167 1386 316 1465 Principio
335 1407 430 1465 genus
451 1407 518 1448 acre
539 1389 659 1448 leonum
680 1407 828 1464 saevaque
847 1390 945 1447 saecla

166 1488 303 1546 Tutatast
322 1486 422 1558 virtus,
444 1487 549 1562 volpes
569 1484 656 1546 dolus
677 1496 707 1545 et
727 1486 796 1562 fuga
816 1503 927 1545 cervos.

166 1585 206 1642 At
225 1580 389 1642 levisomna
408 1601 517 1641 canum
537 1582 600 1641 fido
620 1600 690 1641 cum
710 1590 833 1657 pectore
853 1581 944 1640 corda

167 1680 206 1738 Et
224 1696 318 1755 genus
339 1696 428 1737 omne
449 1676 532 1753 quod
553 1686 598 1737 est
618 1675 751 1737 veterino
771 1674 886 1736 semine
906 1686 1022 1752 partum
1103 1679 1160 1753 865

166 1774 388 1852 lanigeraeque
408 1774 495 1835 simul
514 1774 645 1851 pecudes
667 1784 697 1834 et
717 1774 828 1833 bucera
847 1775 946 1834 saecla

166 1871 276 1933 Omnia
295 1882 364 1931 sunt
383 1869 541 1932 hominum
561 1872 672 1931 tutelae
692 1869 807 1944 tradita,
833 1869 967 1931 Memmi

140 1994 144 2003 ·
166 1969 246 2026 Nam
266 1965 377 2043 cupide
396 1968 497 2044 fingere
516 1968 592 2027 seras
612 1985 779 2043 pacemque
799 1977 902 2026 secuta

165 2065 239 2125 Sunt
257 2073 289 2123 et
307 2064 388 2141 larga
407 2082 462 2124 suo
483 2062 546 2123 sine
566 2064 676 2140 pabula
694 2074 779 2139 parta
797 2064 908 2135 labore,

165 2160 251 2236 Quae
272 2161 377 2219 damus
397 2159 530 2220 utilitatis
550 2178 652 2220 eorum
672 2158 806 2236 praemia
825 2179 922 2220 causa.
1104 2162 1163 2235 870

165 2259 204 2315 At
224 2255 291 2333 quis
311 2255 353 2315 nil
373 2256 478 2315 horum
499 2255 603 2316 tribuit
623 2267 736 2329 natura,
758 2275 814 2316 nec
834 2254 900 2333 ipsa

164 2353 276 2429 Sponte
296 2371 350 2411 sua
369 2362 493 2428 possent
514 2361 549 2411 ut
567 2349 667 2412 vivere
687 2370 744 2411 uec
763 2352 835 2412 dare
855 2350 942 2412 nobis

164 2448 333 2508 Utilitatem
354 2446 483 2523 aliquam
505 2465 596 2523 quare
616 2458 784 2524 pateremur
804 2466 907 2508 eorum

164 2543 314 2605 Praesidio
335 2554 436 2605 nostro
456 2544 539 2621 pasci
558 2561 652 2620 genus
673 2562 797 2620 esseque
816 2555 923 2619 tutum,

163 2637 281 2699 Scilicet
299 2639 374 2699 haec
393 2638 458 2698 aliis
477 2639 605 2714 praedae
626 2639 769 2715 lucroque
790 2639 928 2701 iacebant
1102 2644 1160 2719 875

164 2734 346 2812 Indupedita
365 2736 425 2796 suis
444 2736 583 2797 fatalibus
604 2736 706 2798 omnia
725 2737 838 2813 vinclis,

164 2834 272 2894 Donec
290 2834 331 2895 ad
349 2832 500 2895 interitum
520 2853 613 2911 genus
633 2832 666 2894 id
685 2845 791 2895 natura
810 2833 933 2912 redegit

201 2929 262 2989 Sed
281 2948 379 3005 neque
401 2928 542 2990 Centauri
562 2930 689 3001 suerunt,
710 2949 767 2990 nec
787 2941 923 3006 tempore
942 2932 973 2990 in
994 2930 1056 2990 ullo

162 3025 238 3085 Esse
257 3033 370 3099 queunt
389 3022 500 3101 duplici
520 3034 624 3084 natura
643 3035 675 3084 et
694 3043 818 3101 corpore
837 3024 910 3086 bino

162 3120 210 3179 Ex
229 3118 400 3197 alienigenis
420 3119 561 3181 membris
581 3131 745 3196 compacta,
766 3130 899 3197 potestas
1101 3122 1160 3181 880

163 3211 247 3272 Hinc
266 3212 349 3273 illinc
368 3212 472 3291 visque
492 3223 525 3273 ut
545 3232 607 3273 non
630 3224 676 3275 sat
695 3233 748 3291 par
767 3232 833 3275 esse
853 3213 978 3291 potissit

162 3309 201 3371 Id
220 3308 290 3369 licet
309 3308 379 3370 hinc
398 3308 533 3386 quamvis
553 3310 654 3372 hebeti
674 3330 854 3388 cognoscere
875 3312 973 3372 corde

162 3401 313 3478 Principio
333 3403 443 3462 circum
464 3403 556 3463 tribus
576 3405 650 3463 actis
670 3404 796 3481 impiger
816 3404 902 3463 annis
