2642 3867
157 174 197 231 34
415 158 483 215 DE
509 157 683 216 RERUM
704 156 892 215 NATURA

157 283 196 341 Et
215 299 308 358 quom
327 283 366 340 de
385 282 466 341 victu
486 292 600 341 certant
619 282 809 358 praedaeque
828 292 1001 357 repugnant.

156 378 196 437 Et
214 376 322 454 partim
342 387 458 437 mutant
478 397 546 437 cum
566 378 793 455 tempestatibus
814 396 874 437 una

156 474 343 536 Raucisonos
363 484 477 549 cantus,
499 475 651 536 cornicum
673 486 707 536 ut
726 477 823 535 saecla
843 484 960 535 vetusta

155 572 378 647 corvorumque
398 589 500 648 greges
520 571 572 631 ubi
592 590 700 648 aquam
720 570 860 631 dicuntur
879 580 910 631 et
929 569 1039 629 imbres
1070 571 1145 645 1085

156 666 283 725 Poscere
303 676 333 726 et
352 664 503 726 interdum
523 676 628 726 ventos
649 684 794 743 aurasque
814 683 927 726 vocare

157 763 236 839 Ergo
256 761 281 822 si
300 761 372 821 varii
391 780 495 822 sensus
515 762 656 822 animalia
675 773 795 839 cogunt,

156 860 245 919 Muta
264 870 363 919 tamen
383 878 452 918 cum
472 858 541 933 sint,
562 858 656 918 varias
677 858 811 919 emittere
830 878 927 931 voces,

157 954 278 1029 Quanto
297 956 436 1014 mortales
456 953 550 1032 magis
569 965 726 1031 aequumst
746 968 810 1014 tum
830 952 962 1031 potuisse

158 1049 324 1112 Dissimiles
344 1050 402 1111 alia
421 1061 513 1128 atque
533 1052 591 1111 alia
610 1070 657 1112 res
677 1069 752 1111 voce
771 1052 894 1109 notare!
1071 1067 1148 1122 1090

197 1148 278 1208 Illud
297 1147 329 1207 in
349 1147 395 1208 his
414 1150 503 1209 rebus
524 1148 629 1208 tacitus
650 1166 689 1207 ne
710 1150 785 1208 sorte
805 1146 943 1224 requiras,

156 1246 281 1305 Fulmen
301 1244 408 1306 detulit
427 1243 459 1303 in
478 1255 586 1304 terram
606 1244 779 1305 mortalibus
800 1243 898 1322 ignem

157 1341 303 1415 Primitus,
324 1341 395 1401 inde
416 1340 512 1401 omnis
533 1342 717 1401 flammarum
738 1341 849 1401 diditur
870 1341 964 1400 ardor.

158 1440 255 1498 Multa
273 1437 408 1500 videmus
428 1437 507 1498 enim
528 1438 705 1498 caelestibus
725 1436 809 1497 inlita
828 1437 953 1497 flammis

157 1535 288 1612 Fulgere,
309 1554 379 1594 cum
400 1535 475 1595 caeli
496 1534 618 1596 donavit
638 1537 727 1612 plaga
747 1556 866 1613 vapore.
1071 1553 1145 1611 1095

157 1633 196 1691 Et
215 1650 331 1692 ramosa
352 1642 451 1691 tamen
473 1652 541 1692 cum
562 1631 658 1693 ventis
679 1635 766 1710 pulsa
785 1632 925 1693 vacillans

156 1731 282 1789 Aestuat
301 1728 333 1788 in
353 1748 451 1790 ramos
471 1729 646 1792 incumbens
667 1730 779 1791 arboris
800 1733 894 1805 arbor,

157 1824 337 1901 Exprimitur
356 1825 460 1886 validis
479 1829 599 1887 extritus
619 1826 729 1888 viribus
749 1825 825 1905 ignis

156 1922 195 1980 Et
216 1920 306 1981 micat
324 1919 473 1982 interdum
493 1923 623 1982 flammai
642 1922 771 1984 fervidus
792 1924 887 1997 ardor,

158 2021 266 2079 Mutua
285 2021 358 2081 dum
378 2018 455 2080 inter
474 2039 508 2079 se
526 2019 601 2079 rami
620 2020 786 2099 stirpesque
807 2032 947 2083 teruntur.
1073 2042 1148 2080 1100

158 2118 292 2193 Quorum
312 2126 470 2193 utrumque
491 2117 609 2179 dedisse
629 2130 730 2196 potest
751 2120 922 2181 mortalibus
942 2119 1048 2197 ignem.

161 2213 237 2274 Inde
256 2213 359 2273 cibum
379 2232 508 2291 coquere
527 2233 563 2274 ac
583 2217 721 2277 flammae
743 2216 857 2276 mollire
877 2235 986 2293 vapore

157 2311 208 2371 Sol
228 2309 339 2384 docuit,
361 2310 502 2387 quoniam
523 2310 676 2374 mitescere
697 2315 790 2373 multa
810 2313 950 2374 videbant

157 2405 336 2467 Verberibus
356 2405 504 2467 radiorum
524 2417 614 2484 atque
635 2420 719 2469 aestu
739 2408 817 2470 victa
836 2429 890 2486 per
909 2428 1001 2487 agros.

198 2503 296 2578 Inque
316 2500 379 2562 dies
400 2501 494 2579 magis
515 2503 545 2561 hi
566 2503 676 2563 victum
696 2505 848 2582 vitamque
869 2504 995 2581 priorem
1074 2522 1147 2581 1105

159 2599 351 2659 Commutare
371 2596 457 2657 novis
477 2599 683 2660 monstrabant
702 2602 783 2662 rebu’
805 2599 934 2677 benigni,

159 2693 285 2771 Ingenio
306 2694 358 2772 qui
377 2697 570 2772 praestabant
589 2707 619 2756 et
638 2698 730 2759 corde
749 2698 895 2775 vigebant.

159 2793 298 2854 Condere
319 2805 480 2869 coeperunt
501 2795 589 2854 urbes
609 2814 767 2872 arcemque
786 2798 884 2855 locare

160 2887 344 2948 Praesidium
364 2907 448 2965 reges
468 2888 525 2966 ipsi
546 2889 604 2951 sibi
624 2890 857 2968 perfugiumque,

160 2986 200 3044 Et
219 3001 312 3060 pecus
332 2993 422 3059 atque
441 3002 527 3061 agros
548 2983 673 3045 divisere
693 2995 782 3061 atque
802 2983 911 3046 dedere
1075 3001 1150 3040 1110

161 3085 218 3143 Pro
238 3082 313 3143 facie
332 3080 474 3159 cuiusque
496 3093 527 3142 et
546 3081 654 3142 viribus
675 3081 872 3160 ingenioque3

161 3180 240 3237 Nam
261 3176 352 3237 sacies
373 3179 500 3238 multum
521 3176 613 3237 valuit
632 3176 769 3253 viresque
788 3176 928 3251 vigentes.

162 3274 311 3335 Posterius
331 3292 376 3333 res
396 3273 543 3333 inventast
563 3291 725 3348 aurumque
745 3282 901 3347 repertum,

161 3369 253 3444 Quod
272 3368 359 3428 facile
379 3378 409 3428 et
429 3366 534 3429 validis
554 3377 585 3426 et
605 3366 737 3441 pulchris
757 3364 887 3441 dempsit
907 3365 1064 3438 honorem;
