2642 3867
167 245 206 299 40
426 226 493 284 DE
519 227 693 286 RERUM
714 206 903 290 NATURA

167 344 318 417 Laudibus
338 365 369 415 et
389 354 463 417 miro
484 365 529 415 est
549 358 691 417 mortales
711 355 788 417 inter
807 358 930 419 honore.

206 456 295 513 Nunc
316 451 369 513 tibi
390 471 451 529 quo
471 462 560 529 pacto
580 453 648 513 ferri
669 463 774 513 natura
794 464 912 531 reperta

87 538 91 551 '
165 551 209 611 Sit
228 550 342 611 facilest
361 548 419 627 ipsi
439 568 492 627 per
511 560 542 610 te
562 570 752 628 cognoscere,
774 551 909 612 Memmi.

164 649 257 707 Arma
275 646 397 723 antiqua
419 666 525 707 manus
546 667 661 725 ungues
682 649 847 726 dentesque
867 651 986 711 fuerunt

166 746 205 804 Et
224 742 338 820 lapides
358 743 479 804 etitem
500 745 637 804 silvarum
658 745 802 823 fragmina
822 748 904 819 rami,

166 840 428 915 Etflammaatque
436 836 529 915 ignes,
537 849 698 915 postquam
708 849 777 900 sunt
786 839 1046 918 cognitaprimum.

166 933 313 996 Posterius
332 932 399 993 ferri
419 932 463 992 vis
484 943 529 994 est
548 934 681 1011 aerisque
700 946 823 1012 reperta

165 1030 205 1089 Et
223 1027 303 1105 prior
322 1026 397 1087 aeris
418 1039 480 1087 erat
499 1047 590 1105 quarn
610 1027 678 1090 serri
698 1029 835 1107 cognitus
855 1050 934 1103 usus,

166 1125 235 1201 Quo
254 1121 347 1183 facilis
367 1124 460 1201 magis
481 1135 526 1184 est
546 1136 651 1185 natura
672 1136 702 1187 et
721 1126 810 1203 copia
829 1126 929 1187 maior.

164 1224 242 1281 Aere
261 1220 359 1279 solum
379 1228 472 1278 terrae
492 1223 668 1294 tractabant,
691 1239 818 1297 aereque
839 1222 910 1283 belli

166 1314 335 1376 Miscebant
354 1315 460 1374 fluctus
481 1325 511 1374 et
529 1316 651 1375 vulnera
671 1327 755 1377 vasta
774 1319 911 1378 serebant
1080 1338 1157 1393 1290

164 1415 203 1473 Et
222 1431 313 1490 pecus
334 1422 422 1486 atque
443 1430 528 1488 agros
548 1410 739 1488 adimebant3
766 1433 837 1472 narn
856 1412 942 1474 facile
961 1413 1027 1473 ollis

163 1507 272 1570 Omnia
291 1507 439 1568 cedebant
458 1506 577 1566 armatis
597 1509 680 1568 nuda
700 1517 731 1568 et
749 1492 872 1569 inerma

164 1605 241 1665 Inde
260 1602 428 1662 minutatim
448 1600 591 1678 processit
610 1604 722 1663 ferreus
744 1603 822 1664 ensis

162 1701 314 1774 Versaque
333 1696 366 1757 in
386 1698 580 1773 opprobrium
602 1696 717 1774 species
738 1708 784 1758 est
804 1696 888 1758 salcis
908 1717 1008 1772 aenae,

164 1799 202 1857 Et
221 1796 297 1856 ferro
317 1813 443 1871 coepere
464 1796 561 1855 solum
582 1795 774 1871 proscindere
795 1807 891 1857 terrae

163 1895 394 1969 Exaequataque
414 1903 482 1951 sunt
503 1894 616 1969 creperi
637 1892 802 1956 certamina
821 1893 901 1955 belli.

163 1989 202 2047 Et
222 1986 302 2063 prius
322 1995 367 2046 est
388 1996 535 2045 armatum
556 1985 588 2046 in
610 1987 680 2064 equi
701 1990 903 2049 conscendere
925 1998 1023 2048 costas

164 2086 203 2144 Et
223 2082 401 2143 moderarier
423 2083 502 2142 hunc
524 2083 613 2143 frenis
634 2085 799 2161 dextraque
820 2085 917 2163 vigere

163 2184 261 2260 Quam
281 2180 382 2259 biiugo
404 2199 490 2240 curru
511 2181 582 2242 belli
604 2192 749 2259 temptare
770 2180 891 2260 pericla.

163 2281 202 2339 Et
222 2277 338 2355 biiugos
360 2276 439 2353 prius
460 2286 507 2337 est
527 2295 617 2353 quam
639 2277 686 2338 bis
711 2277 891 2354 coniungere
912 2276 1000 2337 binos

163 2378 203 2436 Et
224 2394 312 2452 quam
335 2372 481 2432 falciferos
502 2384 650 2433 armatum
673 2374 833 2435 escendere
855 2392 963 2434 currus.

163 2472 240 2531 Inde
260 2471 353 2531 boves
375 2471 471 2528 Lucas
493 2468 596 2528 turrito
619 2486 751 2545 corpore,
775 2479 891 2542 taetras,

163 2566 375 2645 Anguimanus,
396 2564 468 2625 belli
490 2566 655 2624 docuerunt
677 2565 799 2624 volnera
820 2561 915 2625 Poeni

162 2666 286 2725 sufferre
306 2673 337 2723 et
359 2679 481 2737 magnas
504 2658 611 2719 Martis
634 2660 753 2719 turbare
775 2668 915 2719 catervas.

162 2759 211 2821 Sic
232 2757 292 2818 alid
314 2775 352 2817 ex
373 2757 432 2815 alio
455 2754 570 2831 peperit
593 2754 747 2814 discordia
768 2752 865 2829 tristis,

163 2854 313 2915 Horribile
334 2851 473 2912 humanis
494 2850 576 2926 quod
598 2848 736 2927 gentibus
758 2859 835 2909 esset
857 2849 888 2908 in
911 2852 1008 2924 armis,

163 2953 260 3027 Inque
281 2949 345 3009 dies
367 2946 438 3006 belli
461 2945 620 3007 terroribus
641 2944 758 3005 addidit
777 2964 914 3021 augmen
1067 2938 1071 2941 ⁴

201 3046 397 3121 Temptarunt
417 3039 505 3100 etiam
525 3050 624 3099 tauros
643 3039 676 3096 in
696 3058 818 3099 munere
838 3040 909 3099 belli

163 3139 342 3217 Expertique
362 3155 430 3197 sues
451 3154 554 3195 saevos
575 3145 643 3193 sunt
663 3133 778 3195 mittere
798 3135 830 3194 in
850 3136 958 3197 hostes

163 3239 202 3296 Et
222 3236 334 3296 validos
354 3231 461 3309 partim
481 3248 552 3308 prae
572 3248 606 3290 se
625 3228 732 3289 misere
752 3230 854 3290 leones

161 3334 241 3394 Cum
261 3328 431 3391 doctoribus
451 3325 570 3385 armatis
591 3323 746 3400 saevisque
766 3324 912 3402 magistris

162 3426 223 3509 Qui
242 3422 420 3486 moderarier
439 3420 485 3480 his
505 3431 626 3501 possent
646 3420 809 3499 vinclisque
829 3432 948 3499 tenere3
