2642 3867
468 188 609 245 LIBER
640 187 847 262 QUINTUS.

161 314 312 388 Tempore
331 330 392 388 quo
411 311 540 388 primum
561 314 649 373 tellus
669 312 808 372 animalia
829 312 912 387 fudit,

162 407 213 467 Nil
233 419 332 468 tamen
352 420 397 469 est
417 408 493 485 signi
515 409 621 469 mixtas
642 409 776 486 potuisse
797 407 890 469 creari

162 506 244 565 Inter
265 524 297 565 se
316 507 448 582 pecudes
471 516 687 583 compactaque
709 507 843 566 membra
863 504 1056 581 animantum,

162 605 321 679 Propterea
339 601 411 679 quia
429 622 506 679 quae
524 604 563 663 de
580 603 664 663 terris
682 622 765 662 nunc
782 622 904 680 quoque
922 604 1076 663 abundant
1097 622 1156 679 920

163 700 332 760 Herbarum
353 718 461 777 genera
482 719 518 761 ac
540 702 637 778 fruges
659 701 836 778 arbustaque
857 703 935 760 laeta

163 796 234 854 Non
256 805 356 856 tamen
378 796 454 857 inter
476 816 509 857 se
531 807 658 874 possunt
679 799 836 874 complexa
857 796 957 870 creari,

162 894 223 954 Sed
243 912 289 953 res
311 912 447 971 quaeque
470 913 524 953 suo
544 893 601 954 ritu
623 894 759 970 procedit
778 905 808 953 et
830 912 935 954 omnes

163 990 295 1050 Foedere
317 1001 438 1050 naturae
459 1002 540 1051 certo
559 989 730 1050 discrimina
751 1000 876 1050 servant

204 1089 244 1145 At
265 1105 358 1163 genus
379 1088 543 1147 humanum
565 1088 660 1146 multo
683 1084 739 1147 fuit
759 1085 833 1146 illud
855 1086 887 1145 in
908 1085 984 1145 arvis
1098 1103 1155 1163 9²5

164 1180 283 1253 Durius,
304 1191 337 1240 ut
358 1180 466 1255 decuit,
491 1182 578 1241 tellus
601 1181 684 1258 quod
706 1181 782 1240 dura
802 1191 938 1263 creasset,

163 1279 203 1337 Et
224 1277 382 1339 maioribus
402 1290 432 1338 et
455 1277 556 1339 solidis
577 1278 671 1355 magis
693 1275 809 1338 ossibus
832 1276 911 1337 intus

163 1376 340 1449 Fundatum,
363 1375 467 1436 validis
489 1386 594 1453 aptum
615 1395 671 1453 per
691 1375 803 1436 viscera
824 1376 930 1447 nervis,

164 1472 228 1531 Nec
249 1470 335 1532 sacile
356 1490 392 1531 ex
412 1481 495 1531 aestu
517 1490 574 1531 nec
593 1471 700 1547 frigore
722 1472 805 1547 quod
826 1482 980 1547 caperetur

164 1570 229 1629 Nec
251 1566 381 1628 novitate
403 1566 463 1626 cibi
483 1586 539 1627 nec
559 1566 619 1627 labi
641 1566 775 1644 corporis
795 1568 864 1626 ulla.
1100 1586 1159 1644 930

164 1666 320 1741 Multaque
341 1683 395 1741 per
415 1664 531 1724 caelum
552 1662 624 1723 solis
645 1662 796 1724 volventia
817 1664 907 1722 lustra

163 1760 327 1839 Volgivago
348 1762 438 1819 vitam
461 1760 627 1819 tractabant
651 1778 735 1819 more
756 1761 890 1817 ferarum.

164 1859 231 1918 Nec
251 1858 389 1917 robustus
411 1867 474 1917 erat
494 1856 575 1916 curvi
597 1856 768 1917 moderator
790 1853 878 1914 aratri

164 1954 338 2032 Quisquam,
361 1974 418 2015 nec
440 1955 535 2015 scibat
553 1954 630 2013 ferro
652 1952 782 2014 molirier
801 1971 871 2013 arva

164 2055 230 2113 Nec
251 2071 330 2112 nova
352 2052 492 2112 defodere
511 2050 543 2110 in
563 2062 671 2111 terram
691 2050 817 2128 virgulta
837 2069 935 2127 neque
955 2050 1023 2110 altis
1102 2048 1171 2125 935'

164 2148 327 2209 Arboribus
348 2158 462 2208 veteres
483 2146 620 2207 decidere
642 2146 760 2207 falcibu'
781 2165 888 2205 ramos.

165 2245 256 2322 Quod
277 2246 322 2305 sol
342 2256 432 2321 atque
453 2243 562 2306 imbres
584 2245 737 2316 dederant,
761 2245 844 2321 quod
865 2252 943 2303 terra
963 2253 1075 2303 crearat

164 2344 277 2419 Sponte
298 2361 359 2413 sua,
382 2342 453 2402 satis
473 2342 504 2402 id
525 2343 664 2419 placabat
686 2352 809 2418 pectora
830 2341 953 2401 donum.

165 2437 349 2500 Glandiferas
369 2438 446 2499 inter
466 2440 610 2499 curabant
630 2458 757 2515 corpora
777 2455 905 2515 quercus

165 2536 339 2611 Plerumque
349 2556 358 2608 ;
379 2544 410 2595 et
429 2553 506 2611 quae
527 2554 607 2594 nunc
626 2535 752 2595 hiberno
773 2545 908 2611 tempore
928 2534 1024 2594 cernis
1104 2552 1164 2610 940

165 2632 269 2693 Arbita
289 2631 419 2708 puniceo
442 2630 503 2691 fieri
525 2642 640 2692 matura
660 2633 770 2705 colore,

166 2730 294 2790 Plurima
316 2742 379 2789 tum
402 2730 488 2789 tellus
511 2729 599 2789 etiam
620 2729 733 2790 maiora
753 2731 874 2790 ferebat.

166 2828 323 2904 Multaque
343 2837 496 2903 praeterea
517 2826 633 2887 novitas
654 2838 720 2887 tum
742 2828 847 2888 florida
868 2827 972 2888 mundi

166 2925 279 2984 Pabula
300 2924 374 2983 dura
394 2922 469 2996 tulit,
492 2922 605 2983 miseris
626 2926 800 2984 mortalibus
821 2925 928 3000 ampla

165 3023 207 3081 At
226 3020 329 3079 sedare
349 3018 428 3079 sitim
449 3018 530 3079 fluvii
550 3020 708 3095 sontesque
730 3021 885 3091 vocabant,
1106 3036 1164 3097 945

166 3118 211 3178 Ut
231 3136 312 3177 nune
333 3116 485 3177 montibus
505 3135 522 3176 e
543 3115 659 3192 magnis
681 3116 824 3176 decursus
845 3116 933 3193 aquai

166 3215 266 3276 Claru'
289 3212 362 3274 citat
383 3215 444 3274 late
466 3212 596 3273 sitientia
617 3214 716 3273 saecla
736 3213 869 3273 serarum.

167 3307 306 3385 Denique
326 3319 400 3368 nota
420 3308 487 3385 vagi
510 3308 653 3369 silvestria
676 3310 789 3385 templa
807 3310 951 3371 tenebant

167 3406 381 3481 Nympharum,
403 3404 513 3481 quibus
533 3422 550 3464 e
571 3404 688 3465 scibant
707 3404 811 3463 umori’
831 3404 943 3464 fluenta
