2642 3867
189 336 269 389 Lucr.
282 353 300 388 v
311 348 362 405 9²5

189 594 358 663 Georgica

189 915 268 969 Lucr.
281 916 300 968 'v
311 928 362 983 937

190 1258 291 1327 Georg.
304 1257 324 1312 ii
339 1271 390 1327 500

189 1490 270 1545 Lucr.
283 1507 302 1543 v
312 1502 366 1555 944

190 1577 290 1644 Georg.
304 1576 334 1630 iii
347 1576 383 1631 66

191 1713 271 1768 Lucr.
284 1732 303 1769 v
318 1728 349 1767 12
351 1726 386 1784 50

191 2058 291 2127 Georg.
306 2056 315 2111 i
330 2072 380 2126 139

192 2368 381 2437 Lucuv1255

192 2542 292 2610 Georg.
305 2540 324 2594 ii
341 2539 388 2610 165

192 2763 271 2818 Lucr.
284 2780 303 2815 v
318 2762 384 2830 1368

191 2939 292 3006 Georg.
305 2936 325 2989 ii
338 2933 373 3005 36

191 3072 270 3125 Lucr.
284 3087 302 3122 v
318 3069 383 3138 1387

192 3157 293 3225 Georg.
307 3154 337 3208 iii
349 3154 402 3222 476

190 3371 269 3424 Lucr.
283 3386 302 3421 v
317 3382 382 3448 1393

191 3458 252 3512 Ecl
264 3455 312 3509 viii
326 3456 360 3521 87

469 186 822 251 INTRODUCTION.
1101 180 1149 245 11111

469 346 498 389 at
529 352 617 403 genus
647 336 803 388 humanum
830 333 919 387 multo
944 332 995 388 t'uit
1022 333 1091 386 illud
1119 332 1149 386 in

501 422 577 490 agris

466 508 570 575 durius,
582 516 613 563 ut
625 505 728 575 decuit,
741 506 823 561 tellus
842 506 917 576 quod
933 506 1004 560 dura
1018 513 1148 559 creasset.

464 594 622 651 Deucalion
643 612 765 649 vacuum
788 594 898 663 lapides
922 594 1036 649 iactavit
1058 593 1086 646 in
1108 609 1149 647 or·

503 684 578 750 bem,

463 768 539 821 unde
556 767 687 822 homines
704 765 773 833 nati,
792 766 892 819 durum
910 781 1008 835 genus

469 914 545 985 quod
575 915 618 969 sol
647 923 732 985 atque
761 913 866 967 imbres
900 914 1043 979 dederant,
1073 911 1149 982 quod

500 1009 575 1055 terra
592 1010 702 1056 crearat

468 1097 569 1156 sponte
590 1103 650 1153 sua,
669 1085 738 1140 satis
756 1084 789 1139 id
804 1085 936 1155 placabat
959 1093 1075 1153 pectora
1099 1083 1149 1137 do-

503 1188 580 1228 num.

469 1275 540 1329 quos
558 1258 629 1313 rami
648 1258 762 1325 fructus,
780 1274 851 1329 quos
869 1257 931 1328 ipsa
949 1257 1072 1313 volentia
1086 1274 1150 1312 rura

469 1355 570 1414 sponte
583 1344 671 1399 tulere
690 1362 749 1413 sua,
768 1344 879 1416 carpsit

469 1489 580 1545 miseris
597 1489 771 1544 mortalibus.

472 1577 582 1632 miseris
600 1578 774 1632 mortalibus.

472 1731 539 1768 nam
560 1715 643 1769 fovea
666 1724 752 1784 atque
775 1712 833 1783 igni
857 1712 934 1783 prius
957 1723 1000 1768 est
1023 1712 1150 1769 venarier

505 1809 597 1854 ortum

469 1900 555 1953 quam
582 1884 693 1953 saepire
722 1885 814 1955 plagis
844 1885 948 1938 saltum
977 1882 1150 1952 canibusque

505 1970 585 2025 ciere.

469 2067 530 2111 tum
548 2058 656 2129 laqueis
675 2067 790 2127 captare
808 2057 882 2111 feras
901 2066 929 2111 et
947 2055 1043 2110 fallere
1060 2056 1139 2110 visco

469 2143 622 2213 inventum,
641 2152 669 2198 et
693 2160 813 2213 magnos
836 2142 954 2198 canibus
976 2142 1150 2196 circumdare

504 2231 599 2285 saltus.

471 2367 607 2422 manabat
624 2366 705 2421 venis
722 2366 894 2422 ferventibus
910 2365 940 2420 in
958 2367 1023 2421 loca
1039 2374 1129 2419 terrae

470 2471 597 2508 concava
615 2454 785 2509 conveniens
804 2453 912 2523 argenti
930 2454 1006 2506 rivus
1023 2461 1051 2507 et
1070 2453 1137 2505 auri.

467 2540 538 2596 haec
557 2540 656 2594 eadem
675 2539 783 2609 argenti
801 2540 876 2593 rivos
892 2540 1019 2609 aerisque
1037 2538 1151 2592 metalla

471 2626 594 2681 ostendit
612 2627 692 2681 venis
710 2636 794 2697 atque
811 2642 880 2679 auro
897 2626 1017 2695 plurima
1034 2625 1119 2679 fluxit

558 2762 722 2832 fructusque
740 2762 816 2816 feros
834 2776 1030 2815 mansuescere
1048 2770 1151 2815 terram

470 2849 621 2905 cernebant
640 2849 812 2917 indulgendo
830 2848 989 2917 blandeque
1006 2848 1133 2903 colendo.

554 2936 717 3006 fructusque
734 2935 808 2989 seros
826 2933 934 2988 mollite
952 2934 1078 2989 colendo

467 3085 517 3138 per
534 3070 597 3123 loca
614 3078 760 3138 pastorum
779 3068 891 3122 deserta
908 3077 993 3136 atque
1011 3067 1069 3120 otia
1087 3068 1142 3123 dia.

827 3153 993 3221 desertaque
1011 3168 1099 3221 regna

468 3251 621 3311 pastorum,
634 3249 663 3295 et
679 3241 764 3309 longe
783 3239 871 3294 saltus
884 3240 996 3310 lateque
1008 3249 1149 3295 vacantes.

469 3376 585 3439 propter
601 3385 694 3439 aquae
710 3368 810 3422 rivum.

466 3464 580 3525 propter
598 3471 689 3524 aquae
706 3453 806 3509 rivum.
