2642 3867
152 187 189 243 28
411 183 479 243 DE
504 185 680 243 RERUM
697 185 885 244 NATURA

150 313 249 372 Floret
268 331 371 388 equus,
392 330 466 388 puer
486 310 735 387 haudquaquam
754 331 824 370 nam
843 306 935 389 saepe
955 312 1044 373 etiam
1064 332 1144 373 nunc

149 409 250 468 Ubera
270 426 465 467 mammarum
485 405 516 465 in
537 407 648 466 somnis
668 406 808 466 lactantia
828 422 955 484 quaeret.
1085 413 1143 487 885

151 508 222 566 Post
241 504 292 565 ubi
313 523 423 581 equum
442 505 557 563 validae
576 502 652 564 vires
673 514 770 563 aetate
791 516 912 565 senecta

151 602 345 678 Membraque
365 598 506 660 deficiunt
525 598 648 677 fugienti
669 599 809 676 languida
828 599 895 674 vita7

150 702 228 758 Tum
248 699 369 759 demum
390 716 482 774 puero
502 696 545 756 illi
565 716 640 757 aevo
661 698 785 757 florente
805 698 940 759 iuventas

151 792 268 869 Occipit
288 803 318 853 et
338 792 420 852 molli
440 793 526 853 vestit
546 792 685 868 lanugine
704 795 805 854 malas.

151 892 199 951 Ne
218 892 294 951 sorte
314 910 351 951 ex
371 892 492 951 homine
513 902 544 952 et
563 890 696 951 veterino
717 892 831 951 semine
852 912 994 969 equomm
1087 899 1145 969 890

152 988 282 1050 Confieri
302 988 404 1048 credas
426 990 592 1050 Centauros
612 1007 702 1065 posse
722 1008 820 1066 neque
840 1009 913 1064 esse,

150 1089 211 1146 Aut
231 1085 341 1147 rabidis
360 1086 484 1146 canibus
504 1085 670 1146 succinctas
691 1086 886 1147 semimarinis

152 1182 333 1259 Corporibus
353 1184 463 1260 Scyllas
483 1193 514 1243 et
535 1194 632 1243 cetera
652 1184 692 1243 de
712 1203 819 1260 genere
840 1186 955 1259 horum,

152 1281 234 1339 Inter
254 1298 286 1338 se
306 1296 431 1355 quorum
453 1278 601 1339 discordia
620 1280 754 1339 membra
773 1279 908 1340 videmus
918 1302 928 1353 ;

152 1374 238 1450 Quae
258 1394 356 1450 neque
376 1376 534 1436 florescunt
554 1375 663 1452 pariter
683 1395 740 1437 nec
760 1379 868 1436 robora
888 1388 1007 1438 sumunt
1087 1380 1145 1454 895

153 1470 333 1547 Corporibus
353 1490 451 1548 neque
471 1470 620 1548 proiciunt
640 1483 737 1532 aetate
757 1483 878 1532 senecta

154 1569 219 1627 Nec
239 1565 327 1626 simili
346 1567 464 1627 Venere
483 1566 640 1627 ardescunt
660 1588 717 1629 nec
737 1568 870 1627 moribus
890 1567 956 1628 unis

154 1661 352 1735 Conveniunt,
373 1681 471 1739 neque
491 1672 559 1722 sunt
580 1663 685 1722 eadem
706 1662 836 1721 incunda
856 1681 909 1738 per
928 1672 1015 1721 artus.

154 1758 275 1834 Quippe
295 1756 395 1817 videre
415 1756 484 1816 licet
504 1755 696 1833 pinguescere
717 1775 805 1833 saepe
825 1756 923 1816 cicuta

154 1852 324 1931 Barbigeras
344 1853 484 1930 pecudes,
506 1853 620 1913 homini
642 1873 720 1930 quae
740 1864 785 1913 est
805 1872 872 1914 acre
892 1872 1046 1913 venenum.
1089 1873 1147 1928 900

155 1953 288 2011 Flamma
307 1950 428 2026 quidem
449 1970 519 2011 vero
540 1969 608 2010 cum
628 1970 753 2027 corpora
772 1952 851 2010 fulva
870 1951 991 2010 leonum

154 2050 231 2108 Tam
252 2051 344 2108 soleat
364 2058 472 2107 torrere
492 2058 582 2124 atque
601 2066 686 2107 urere
707 2066 798 2124 quam
818 2056 918 2123 genus⁴
930 2064 1021 2106 omne

154 2144 283 2205 Visceris
302 2144 334 2204 in
355 2143 438 2205 terris
458 2144 669 2219 quodcumque
690 2154 718 2204 et
739 2142 889 2221 sanguinis
909 2154 997 2215 extet,

155 2237 215 2315 Qui
234 2236 296 2297 fieri
316 2236 420 2313 potuit,
442 2235 549 2313 triplici
569 2255 636 2295 cum
658 2254 781 2311 corpore
800 2248 833 2296 ut
853 2254 920 2307 una

156 2335 255 2395 Prima
274 2336 330 2407 leo,
352 2346 500 2411 postrema
519 2335 618 2407 draco,
640 2332 740 2394 media
758 2332 833 2409 ipsa,
852 2332 1011 2393 Chimaera
1091 2349 1147 2407 905

157 2432 217 2492 Ore
236 2432 314 2490 foras
334 2449 431 2489 acrem
452 2430 534 2489 flaret
555 2428 594 2488 de
615 2447 739 2505 corpore
760 2429 931 2488 flammam?

157 2529 255 2603 Quare
275 2527 363 2587 etiarn
385 2528 487 2586 tellure
508 2545 587 2584 nova
606 2526 749 2602 caeloque
770 2524 883 2585 recenti
951 2568 955 2573 -

157 2624 243 2683 Talia
262 2623 312 2700 qui
332 2625 415 2701 fingit
435 2622 568 2700 potuisse
588 2622 728 2681 animalia
747 2622 835 2699 gigni,

158 2720 251 2781 Nixus
271 2722 303 2779 in
326 2720 384 2779 hoc
404 2737 464 2777 uno
485 2716 623 2777 novitatis
644 2716 767 2778 nomine
787 2716 878 2790 inani,

159 2819 255 2879 Multa
274 2817 342 2876 licet
362 2814 448 2875 simili
467 2815 582 2875 ratione
602 2814 715 2875 effutiat
734 2834 793 2889 ore,

157 2917 255 2973 Aurea
275 2924 338 2972 turn
359 2912 440 2972 dicat
459 2931 512 2988 per
531 2923 621 2973 terras
642 2911 764 2971 flumina
784 2913 873 2987 vulgo

158 3006 288 3068 Fluxisse
309 3016 338 3066 et
357 3005 482 3081 gemmis
503 3006 605 3066 florere
625 3006 745 3065 arbusta
763 3009 864 3066 suesse

157 3106 219 3163 Aut
238 3100 390 3161 hominem
410 3111 493 3161 tanto
513 3102 713 3161 membrorum
732 3119 799 3160 esse
817 3100 929 3177 impete
948 3114 1059 3175 natum,

157 3199 253 3256 Trans
274 3195 364 3255 maria
383 3196 443 3255 alta
462 3196 573 3271 pedum
594 3195 676 3254 nisus
696 3207 729 3254 ut
749 3213 861 3270 ponere
882 3208 983 3271 posset

159 3294 198 3351 Et
218 3292 354 3351 manibus
374 3302 470 3352 totum
489 3293 597 3350 circum
620 3311 652 3351 se
674 3302 786 3351 vertere
807 3293 931 3351 caelum.
1091 3311 1149 3371 915

159 3390 238 3448 Nam
259 3389 341 3464 quod
361 3389 454 3446 multa
479 3389 559 3447 fuere
579 3388 610 3445 in
632 3387 715 3448 terris
735 3389 848 3447 semina
868 3407 962 3447 rerum
