2642 3867
167 189 206 241 44
425 173 493 230 DE
518 174 690 233 RERUM
711 176 899 233 NATURA

166 295 265 370 Quam
285 314 351 357 reor
370 295 482 357 invidia
501 296 553 357 tali
573 307 645 357 tunc
665 317 730 359 esse
749 309 905 374 repertam,

167 390 211 451 Ut
230 391 322 451 letum
342 390 457 454 insidiis
477 392 528 470 qui
548 392 638 470 gessit
658 393 771 471 primus
792 393 896 468 obiret,

166 489 205 546 Et
225 496 326 549 tamen
345 487 421 549 inter
441 508 494 550 eos
514 488 685 550 distractam
707 490 850 567 sanguine
870 491 965 551 multo

91 658 93 663 Ι
164 581 340 659 Disperiisse
360 602 457 661 neque
476 584 508 645 in
528 586 653 645 fructum
675 597 844 646 convertere
865 588 971 664 quisse.

164 681 252 739 Tunc
271 679 357 759 igitur
376 683 476 759 pelles,
498 702 579 743 nunc
598 702 703 744 aurum
723 694 753 744 et
773 702 902 761 purpura
922 685 998 744 curis

166 778 310 838 Exercent
330 778 486 839 hominum
505 780 597 841 vitam
618 782 758 857 belloque
778 780 901 858 fatigant
909 802 920 855 3

165 875 235 950 Quo
255 873 347 952 magis
366 873 399 935 in
418 875 515 949 nobis,
536 886 570 937 ut
590 877 705 953 opinor,
726 877 817 953 culpa
836 877 952 937 resedit

164 970 266 1047 Frigus
286 969 366 1032 enim
386 972 483 1031 nudos
503 970 568 1031 sine
588 972 715 1049 pellibus
735 972 922 1033 excruciabat

162 1067 354 1145 Terrigenas;
380 1079 412 1128 at
432 1087 487 1129 nos
507 1069 550 1128 nil
569 1069 662 1130 laedit
682 1079 764 1130 veste
784 1087 882 1129 carere

164 1168 313 1243 Purpurea
332 1178 422 1243 atque
442 1186 515 1227 auro
535 1167 685 1245 signisque
705 1166 874 1244 ingentibus
895 1180 974 1245 apta,

164 1263 246 1320 Dum
265 1262 384 1339 plebeia
403 1272 504 1322 tamen
523 1261 562 1323 sit
581 1281 658 1339 quae
679 1264 838 1324 defendere
858 1264 961 1340 possit

163 1360 242 1435 Ergo
262 1358 416 1420 hominum
436 1379 529 1438 genus
549 1360 697 1421 incassum
717 1362 882 1437 frustraque
902 1360 1017 1419 laborat

162 1456 285 1532 Semper
303 1466 334 1517 et
352 1455 384 1516 in
404 1456 480 1517 curis
501 1458 648 1518 consumit
669 1456 805 1517 inanibus
825 1476 941 1529 aevum,

163 1551 309 1612 Nimirum
330 1552 399 1630 quia
417 1573 479 1615 non
500 1554 640 1631 cognovit
660 1574 737 1631 quae
757 1553 795 1615 sit
814 1553 944 1614 habendi

163 1648 244 1710 Finis
264 1661 294 1711 et
314 1650 438 1713 omnino
458 1652 556 1729 quoad
577 1663 690 1712 crescat
710 1671 779 1712 vera
799 1652 942 1728 voluptas

162 1747 260 1824 quue
280 1746 448 1809 minutatim
467 1747 559 1808 vitam
580 1746 715 1825 provexit
734 1747 766 1807 in
785 1749 877 1808 altum

163 1845 202 1903 Et
221 1843 292 1904 belli
313 1864 437 1922 magnos
458 1848 620 1906 commovit
640 1844 775 1905 funditus
795 1855 902 1904 aestus.

201 1943 243 2001 At
262 1938 364 2018 vigiles
384 1942 488 2003 mundi
508 1962 649 2019 magnum
673 1962 709 2002 ac
729 1940 863 2003 versatile
884 1941 1026 2017 templum

162 2036 213 2095 Sol
233 2046 263 2096 et
283 2037 354 2096 luna
374 2056 428 2097 suo
449 2038 606 2098 lustrantes
627 2038 739 2096 lumine
758 2034 870 2095 circum

162 2132 346 2193 Perdocuere
366 2131 502 2194 homines
522 2152 667 2193 annorum
690 2144 824 2209 tempora
843 2129 917 2190 verti

162 2229 202 2287 Et
222 2237 302 2287 certa
322 2227 436 2289 ratione
456 2228 517 2306 geri
537 2248 599 2289 rem
619 2240 710 2305 atque
731 2225 835 2287 ordine
855 2235 946 2285 certo.

203 2324 268 2382 Iam
287 2322 393 2385 validis
413 2324 508 2400 saepti
528 2324 676 2401 degebant
696 2319 822 2381 turribus
842 2338 948 2380 aevum

163 2419 201 2477 Et
221 2416 316 2478 divisa
334 2419 487 2479 colebatur
506 2416 692 2494 discretaque
712 2415 807 2485 tellus,

163 2514 228 2573 Iam
250 2532 329 2575 mare
350 2513 482 2575 velivolis
502 2513 625 2573 florebat
647 2509 819 2588 puppibus3
842 2508 929 2568 urbes

161 2610 278 2670 Auxilia
301 2630 337 2670 ac
361 2610 457 2672 socios
481 2610 541 2676 iam
565 2619 654 2686 pacto
678 2607 798 2669 foedere
822 2605 982 2677 habebant,

163 2707 350 2771 Carminibus
365 2712 442 2768 'cum
465 2727 512 2768 res
535 2719 632 2785 gestas
656 2722 782 2780 coepere
805 2713 913 2779 poetae

106 2799 109 2805 ’
161 2807 311 2880 Tradere;
337 2824 394 2866 nec
417 2806 512 2865 multo
534 2803 607 2880 priu'
631 2812 701 2862 sunt
724 2801 872 2861 elementa
895 2808 1018 2875 reperta.

162 2904 321 2980 Propterea
344 2900 416 2977 quid
440 2900 477 2961 sit
499 2900 580 2977 prius
603 2909 703 2958 actum
727 2894 871 2971 respicere
894 2905 976 2954 aetas

162 3002 272 3060 Nostra
294 2998 406 3076 nequit,
431 2996 487 3059 nisi
511 3016 571 3075 qua
593 2997 668 3056 ratio
692 2990 814 3068 vestigia
837 2998 990 3051 monstrat.

201 3096 328 3175 Navigia
348 3107 438 3173 atque
457 3094 520 3173 agri
540 3093 668 3154 culturas
687 3086 807 3149 moenia
826 3088 907 3163 leges

161 3194 252 3253 Arma
271 3192 333 3254 vias
353 3202 449 3253 vestes
469 3200 499 3250 et
520 3199 617 3249 cetera
636 3185 676 3245 de
695 3200 802 3260 genere
822 3182 936 3253 horum,

163 3288 305 3360 Praemia,
327 3284 447 3348 delicias
467 3301 588 3360 quoque
608 3280 688 3341 vitae
706 3276 838 3336 funditus
858 3294 971 3346 omnes,
