2642 3867
157 184 193 223 zo
414 166 482 221 DE
508 163 673 222 RERUM
694 163 881 221 NATURA

155 293 306 352 Brumales
326 293 415 352 adeat
434 292 526 351 flexus
546 290 727 369 atque.inde
747 302 894 351 revertens

156 388 263 449 Cancri
283 407 315 448 se
336 398 368 448 ut
387 398 481 447 vertat
501 380 595 447 metas
615 388 655 447 ad
676 386 855 461 solstitiales,

156 487 299 561 Lunaque
319 484 471 545 mensibus
491 484 522 543 id
543 484 672 561 spatium
691 484 824 544 videatur
845 482 937 558 obire,

154 583 263 641 Annua
282 583 327 641 sol
346 581 378 640 in
398 600 459 657 quo
479 580 628 641 consumit
648 592 785 658 tempora
804 601 898 642 cursu.

156 678 236 749 Non,
257 676 386 754 inquam,
408 678 531 755 simplex
551 678 597 737 his
618 678 707 738 rebus
727 679 842 739 reddita
862 692 988 739 causast.

157 776 235 834 Nam
255 775 318 835 fieri
336 776 385 836 vel
405 794 472 836 eum
493 774 593 852 primis
613 776 645 835 id
666 794 754 852 posse
775 774 899 850 videtur,

157 870 321 932 Democriti
342 872 423 947 quod
444 883 548 931 sancta
567 870 621 931 viri
642 872 790 932 sententia
809 872 902 949 ponit,

157 969 279 1044 Quanto
300 987 437 1045 quaeque
458 968 550 1045 magis
571 968 630 1028 sint
650 980 758 1029 terram
779 967 876 1028 sidera
896 980 1026 1046 propter,

158 1067 257 1125 Tanto
277 1083 366 1142 posse
387 1064 484 1124 minus
503 1082 573 1124 'cum
594 1064 670 1125 caeli
691 1064 808 1125 turbine
828 1064 902 1125 ferri

158 1164 343 1222 Evanescere
363 1160 442 1222 enim
463 1160 580 1238 rapidas
601 1161 678 1221 illius
698 1173 729 1222 et
748 1180 830 1221 acres

159 1258 299 1318 Imminui
319 1262 419 1319 subter
439 1258 524 1332 vires,
545 1258 674 1335 ideoque
695 1259 820 1335 relinqui

159 1352 303 1413 Paulatim
325 1356 418 1415 solem
439 1374 507 1415 cum
527 1354 733 1431 posterioribu'
754 1354 852 1431 signis,

159 1448 284 1511 Inferior
303 1450 399 1511 multo
420 1451 502 1527 quod
523 1450 560 1510 sit
581 1469 672 1526 quam
691 1450 804 1511 fervida
822 1450 912 1528 signa

161 1549 200 1608 Et
220 1546 312 1625 magis
333 1549 391 1608 hoc
412 1550 531 1609 lunam:
558 1560 672 1625 quanto
692 1548 848 1609 demissior
868 1547 931 1609 eius

160 1647 271 1707 Cursus
291 1647 375 1705 abest
395 1646 497 1721 procul
517 1664 535 1705 a
555 1646 640 1705 caelo
661 1644 803 1721 terrisque
823 1643 1011 1722 propinquat,

159 1743 258 1801 Tanto
278 1761 368 1818 posse
387 1740 485 1802 minus
505 1762 574 1801 cum
596 1741 686 1819 signis
706 1744 829 1803 tendere
849 1761 974 1801 cursum.

160 1837 341 1898 Flaccidiore
362 1838 471 1899 etenim
493 1850 607 1916 quanto
628 1839 688 1898 iam
708 1839 825 1899 turbine
845 1839 937 1899 fertur

161 1932 285 1993 Inferior
304 1953 394 2009 quam
416 1936 468 2005 sol,
490 1946 574 1995 tanto
594 1934 688 2011 magis
708 1935 809 1995 omnia
829 1934 913 2013 signa

162 2032 253 2089 Hanc
273 2028 479 2107 adipiscuntur
498 2030 610 2091 circum
630 2044 805 2109 praeterque
824 2034 963 2092 seruntur.

162 2127 322 2201 Propterea
340 2126 374 2185 fit
394 2136 426 2185 ut
447 2127 521 2186 haec
541 2127 580 2186 ad
601 2126 717 2205 signum
739 2128 879 2204 quodque
900 2126 1005 2187 reverti

164 2219 306 2281 Mobilius
328 2222 469 2295 videatur,
490 2224 530 2281 ad
551 2224 628 2282 hanc
649 2222 719 2298 quia
739 2223 824 2301 signa
842 2222 979 2286 revisunt.

162 2318 210 2377 Fit
229 2336 349 2395 quoque
369 2329 402 2378 ut
424 2338 441 2378 e
461 2317 564 2379 mundi
585 2319 757 2380 transversis
777 2320 911 2397 partibus
931 2338 981 2379 aer

161 2412 391 2473 Alternis·oerto
411 2414 501 2474 fluere
521 2416 595 2475 alter
615 2425 750 2492 tempore
771 2416 872 2492 possit,

162 2508 222 2586 Qui
241 2521 330 2587 queat
349 2509 467 2571 aestivis
488 2513 582 2571 solem
603 2512 761 2572 detrudere
783 2511 874 2589 signis

163 2608 315 2667 Brumales
336 2626 430 2683 usque
451 2607 490 2666 ad
511 2607 602 2667 flexus
621 2608 812 2685 gelidumque
832 2607 967 2685 rigorem,

163 2707 202 2764 Et
221 2702 274 2781 qui
293 2702 393 2765 reiciat
413 2703 516 2781 gelidis
536 2723 555 2764 a
573 2702 686 2781 frigoris
707 2704 819 2764 umbris

161 2799 321 2859 Aestiferae
341 2816 436 2874 usque
456 2800 487 2858 in
508 2810 607 2877 partes
627 2811 657 2859 et
677 2799 789 2861 fervida
809 2798 899 2877 signa

162 2898 203 2956 Et
222 2896 336 2956 ratione
356 2898 418 2971 pari
439 2897 540 2955 lunam
561 2898 720 2972 stellasque
740 2897 949 2973 putandumst,

163 2992 249 3066 Quae
269 2995 391 3052 volvunt
412 3011 536 3069 magnos
556 2990 588 3052 in
609 2991 724 3068 magnis
746 2992 868 3052 orbibus
887 3011 991 3066 annos,

163 3088 289 3149 Aeribus
309 3107 397 3165 posse
417 3088 536 3148 alternis
556 3108 574 3149 e
594 3089 726 3164 partibus
745 3088 796 3149 ire

129 3222 131 3227 ,
164 3186 275 3246 Nonne
294 3184 377 3244 vides
397 3184 487 3245 etiam
508 3183 629 3245 diversis
650 3183 752 3245 nubila
771 3184 867 3245 ventis

165 3279 302 3340 Diversas
322 3278 364 3339 ire
384 3279 415 3338 in
435 3290 534 3356 partes
553 3278 669 3341 inferna
688 3279 846 3357 supernis?

167 3378 227 3453 Qui
248 3376 344 3435 minus
365 3375 415 3435 illa
434 3388 544 3452 queant
565 3396 617 3453 per
637 3395 760 3453 magnos
780 3375 906 3437 aetheris
924 3378 1011 3439 orbes
