2642 3867
175 211 209 267 18
429 209 497 266 DE
524 204 697 265 RERUM
717 206 905 266 NATURA

172 337 231 399 Sed
251 335 359 413 pariter
377 334 471 413 prima
491 344 638 411 concepta
657 336 698 395 ab
718 334 832 411 origine
852 334 958 395 mundi
1044 365 1047 372 ⁴

173 436 321 510 Certaque
341 452 408 509 pars
429 431 499 504 eius,
521 430 606 507 quasi
626 430 714 493 nobis
735 432 868 490 membra
887 431 1031 492 videntur.

172 533 325 591 Praeterea
343 528 448 606 grandi
468 528 577 588 tonitru
598 547 744 588 concussa
763 538 884 604 repente
1109 545 1172 604 550

171 628 263 687 Terra
282 645 369 701 supra
390 643 466 700 quae
487 644 519 685 se
539 633 608 684 sunt
629 622 762 684 concutit
782 622 883 684 omnia
903 635 1005 698 motu;

172 722 263 797 Quod
283 722 379 781 facere
399 721 480 781 haud
500 720 560 779 ulla
580 730 682 796 posset
701 718 823 793 ratione,
845 718 902 778 nisi
922 730 1000 779 esset

173 818 307 879 Partibus
327 816 411 878 aeriis
432 814 535 878 mundi
556 817 700 893 caeloque
723 814 862 875 revincta

173 918 250 975 Nam
272 913 479 973 communibus
499 912 575 974 inter
595 932 627 973 se
647 911 795 974 radicibus
815 913 936 973 haerent

174 1014 219 1071 Ex
238 1010 360 1071 ineunte
381 1029 457 1071 aevo
475 1009 636 1069 coniuncta
654 1019 744 1086 atque
764 1008 861 1069 uniter
880 1019 959 1085 apta
1110 1025 1168 1086 555

173 1112 284 1169 Nonne
303 1106 385 1168 vides
406 1106 495 1169 etiarn
517 1127 608 1184 quam
628 1126 738 1184 magno
758 1108 892 1184 pondere
903 1106 999 1167 'nobis

172 1205 321 1267 Sustineat
341 1224 449 1281 corpus
470 1203 642 1264 tenuissima
662 1204 707 1263 vis
726 1204 837 1264 animai

173 1307 334 1379 Propterea
353 1301 424 1378 quia
443 1312 505 1361 tam
525 1300 686 1361 coniuncta
705 1311 795 1377 atque
815 1300 912 1362 uniter
932 1311 1002 1378 apta
1023 1305 1089 1363 est?

174 1399 313 1477 Denique
334 1398 392 1459 iam
414 1400 490 1459 saltu
510 1398 623 1475 pernici
644 1400 748 1458 tollere
768 1418 876 1475 corpus

174 1498 256 1575 Quid
274 1496 352 1574 potis
370 1506 415 1556 est
433 1494 489 1555 nisi
503 1494 547 1556 vis
568 1494 660 1555 animi
678 1514 755 1573 quae
773 1496 906 1557 membra
923 1498 1091 1572 gubernat?
1113 1499 1172 1573 560

121 1600 125 1609 '
174 1598 278 1657 Iamne
297 1594 381 1655 vides
401 1604 546 1671 qnantum
567 1593 665 1653 tenuis
685 1604 789 1652 natura
808 1594 907 1654 valere

174 1690 279 1765 Possit,
301 1690 352 1750 ubi
372 1700 417 1751 est
438 1689 597 1750 coniuncta
616 1689 698 1767 gravi
719 1708 786 1749 cum
807 1709 939 1767 corpore,
960 1701 995 1752 ut
1014 1710 1064 1751 aer

174 1788 359 1852 Coniunctus
380 1787 462 1848 terris
483 1798 512 1849 et
534 1785 621 1849 nobis
644 1797 689 1847 est
709 1786 802 1847 animi
822 1789 888 1847 vis?

216 1888 281 1947 Nec
301 1884 395 1946 nimio
415 1885 486 1945 solis
506 1883 601 1945 maior
620 1893 687 1944 rota
707 1903 764 1944 nec
784 1885 880 1944 minor
900 1886 989 1946 ardor

174 1988 250 2045 Esse
269 1993 376 2062 potest,
399 1981 505 2043 nostris
526 2001 617 2059 quam
639 1983 775 2042 sensibus
795 2000 861 2042 esse
880 1981 1003 2043 videtur.
1114 1986 1171 2059 565

176 2086 255 2143 Nam
275 2081 384 2159 quibus
404 2098 422 2141 e
443 2078 545 2156 spatiis
566 2097 695 2155 cumque
716 2078 799 2155 ignes
819 2077 932 2137 lumina
952 2089 1078 2156 possunt
1155 2113 1158 2115 v

175 2177 302 2239 Adicere
322 2188 352 2237 et
371 2175 503 2236 calidum
524 2174 666 2236 membris
686 2175 796 2234 adflare
817 2193 967 2251 vaporem,

176 2275 228 2336 Nil
247 2274 298 2334 illa
318 2275 363 2333 his
384 2272 544 2333 intervallis
565 2273 604 2333 de
624 2290 751 2349 corpore
770 2270 866 2330 libant

175 2372 383 2443 Flammarum,
403 2368 446 2428 nil
465 2368 505 2428 ad
526 2367 656 2444 speciem
678 2377 722 2427 est
743 2365 923 2427 contractior
941 2364 1024 2443 ignis

177 2465 313 2538 Proinde,
335 2466 416 2525 calor
435 2464 578 2540 quoniam
598 2462 670 2524 solis
690 2463 852 2539 lumenque
872 2463 1025 2540 profusum
1114 2478 1173 2540 570

177 2564 354 2626 Perveniunt
374 2575 491 2625 nostros
512 2564 549 2623 ad
571 2581 676 2623 sensus
697 2573 727 2622 et
747 2555 821 2621 loca
834 2562 974 2633 mulcent,

177 2666 286 2723 Forma
305 2679 424 2738 quoque
444 2660 515 2720 binc
535 2658 605 2719 solis
626 2659 718 2719 debet
738 2659 882 2734 filumque
902 2655 1004 2730 videri,

178 2758 229 2818 Nil
249 2757 325 2819 adeo
345 2767 379 2817 ut
398 2755 493 2833 possis
514 2757 581 2832 plus
601 2764 653 2814 aut
674 2753 773 2814 minus
793 2753 912 2827 addere,
934 2772 1011 2812 vere.

177 2856 322 2930 Lunaque
342 2852 404 2913 sive
423 2854 518 2913 notho
537 2853 627 2913 fertur
646 2852 714 2910 loca
733 2850 847 2910 lumine
867 2851 994 2909 lustrans
1114 2865 1171 2926 575

178 2953 244 3012 Sive
265 2969 349 3010 suam
369 2948 488 3027 proprio
509 2948 598 3009 iactat
618 2950 657 3010 de
679 2966 803 3024 corpore
822 2949 929 3020 lucem,

177 3046 335 3123 Quidquid
353 3045 384 3106 id
405 3056 459 3118 est,
480 3045 542 3105 nilo
562 3045 654 3105 fertur
673 3043 786 3105 maiore
806 3045 898 3122 figura

178 3146 286 3220 Quam,
307 3141 415 3204 nostris
435 3142 530 3203 oculis
550 3160 610 3218 qua
629 3141 788 3215 cernimus,
809 3160 875 3202 esse
894 3138 1018 3201 videtur.

180 3242 258 3299 Nam
277 3236 358 3316 prius
378 3237 486 3310 omnia,
509 3256 585 3315 qnae
606 3238 696 3314 longe
716 3247 832 3297 semota
851 3248 969 3297 tuemur

179 3340 258 3396 Aera
277 3354 330 3412 per
349 3336 486 3410 multum,
508 3334 607 3413 specie
627 3336 752 3394 confusa
771 3333 909 3395 videntur
1116 3336 1174 3412 580

180 3434 279 3507 Quam
301 3430 394 3491 minui
414 3434 506 3491 filum.
549 3433 738 3508 Quapropter
758 3431 829 3489 luna
848 3448 972 3490 necesse
992 3439 1048 3499 est,
