2642 3867
490 180 631 237 LIBER
662 180 870 254 QUINTUS.
1136 200 1169 237 21

178 300 320 361 Aestibus
339 300 416 362 inter
435 320 469 363 se
487 302 611 362 diversis
631 302 729 362 sidera
747 302 836 362 ferri?

217 400 260 456 At
278 415 340 456 nox
358 396 456 457 obruit
475 395 588 473 ingenti
608 396 735 474 caligine
755 407 854 471 terras,
1113 401 1171 474 65ο

177 495 239 551 Aut
258 490 311 551 ubi
330 492 369 552 de
388 492 480 569 longo
500 512 587 552 cursu
607 494 653 552 sol
673 493 778 552 ultima
797 493 873 553 caeli

178 588 301 665 Impulit
320 599 410 665 atque
430 608 501 650 suos
520 589 628 651 efflavit
649 591 806 667 languidus
826 590 910 667 ignes

179 684 348 746 Concussos
368 685 440 747 itere
460 696 491 747 et
510 687 674 748 labefactos
694 706 762 747 aere
781 688 884 761 multo,

178 785 239 843 Aut
258 783 328 861 quia
348 786 405 844 sub
425 795 516 845 terras
537 803 656 844 cursum
676 796 847 846 convertere
867 784 947 862 cogit

177 876 232 937 Vis
251 880 366 951 eadem,
388 898 477 956 supra
495 898 573 955 quae
593 889 685 939 terras
704 879 823 956 pertulit
843 881 954 940 orbem
1113 884 1170 956 655

217 976 366 1052 Tempore
386 976 458 1037 item
478 987 559 1035 certo
580 994 697 1037 roseam
719 979 837 1037 Matuta
857 995 911 1053 per
929 996 996 1037 oras

177 1072 313 1133 Aetheris
332 1092 467 1133 auroram
487 1073 584 1134 differt
604 1084 634 1133 et
654 1072 767 1133 lumina
786 1072 899 1150 pandit,

178 1170 239 1227 Aut
259 1168 328 1245 quia
348 1171 393 1229 sol
413 1169 502 1244 idem,
527 1171 582 1231 sub
603 1180 695 1230 terras
713 1168 764 1230 ille
784 1180 941 1241 revertens,

176 1264 329 1342 Anticipat
348 1266 464 1326 caelum
484 1264 573 1325 radiis
593 1266 758 1326 accendere
777 1274 935 1341 temptans,

177 1365 238 1421 Aut
258 1361 328 1437 quia
347 1362 529 1423 conveniunt
550 1362 633 1440 ignes
654 1372 685 1423 et
706 1360 820 1422 semina
840 1361 935 1421 multa
1113 1362 1172 1418 660

178 1459 336 1519 Confluere
356 1460 469 1520 ardoris
489 1470 670 1521 consuerunt
690 1442 825 1535 tempere
844 1469 960 1529 certo„

178 1556 263 1629 Quae
282 1556 395 1616 faciunt
415 1555 485 1617 solis
505 1575 584 1617 nova
604 1574 722 1631 semper
741 1553 856 1614 lumina
874 1552 973 1630 gigni;

178 1650 269 1725 Quod
288 1670 382 1728 genus
403 1652 502 1713 Idaeis
522 1654 602 1711 fama
622 1661 668 1711 est
688 1670 706 1711 e
726 1651 879 1712 montibus
899 1649 964 1710 altis

179 1747 335 1824 Dispersos
355 1748 437 1826 ignes
458 1749 564 1810 orienti
584 1748 698 1808 lumine
717 1747 807 1820 cerni,

179 1844 255 1903 Inde
271 1842 351 1905 coire
367 1845 489 1921 globum
507 1842 593 1919 quasi
610 1843 641 1902 in
658 1862 751 1903 unum
768 1854 797 1903 et
815 1844 961 1904 conficere
979 1846 1090 1905 orbem.
1113 1846 1169 1918 665

178 1942 244 2001 Nec
264 1951 364 2001 tamen
384 1941 457 2000 illud
476 1939 508 1999 in
528 1940 574 2000 his
594 1941 683 2001 rebus
703 1939 836 2001 mirabile
856 1941 947 2001 debet

178 2037 261 2109 Esse,
282 2037 366 2112 quod
385 2037 460 2096 haec
480 2035 555 2113 ignis
576 2046 638 2096 tam
659 2046 741 2097 certo
761 2047 894 2114 tempore
914 2047 1039 2114 possunt

178 2135 298 2195 Semina
317 2136 466 2195 confluere
487 2145 516 2195 et
537 2136 607 2194 solis
628 2153 763 2210 reparare
783 2134 919 2195 nitorem.

179 2232 276 2291 Multa
294 2229 429 2292 videmus
448 2233 537 2304 enim,
559 2241 641 2291 certo
660 2250 738 2308 quae
758 2242 892 2309 tempore
910 2233 986 2292 fiunt

179 2327 327 2390 Omnibus
345 2328 377 2387 in
396 2331 492 2389 rebus.
535 2331 710 2389 Florescunt
730 2340 864 2406 tempore
884 2340 965 2389 certo
1112 2334 1171 2403 670

180 2425 306 2485 Arbusta
326 2435 356 2485 et
376 2437 458 2486 certo
478 2425 631 2487 dimittunt
652 2438 787 2503 tempore
807 2426 920 2487 florem.

179 2525 245 2583 Nec
265 2521 361 2583 minus
381 2523 412 2583 in
433 2536 515 2585 certo
536 2526 642 2585 dentes
663 2525 770 2585 cedere
790 2524 915 2600 imperat
935 2536 1016 2585 aetas

178 2621 328 2696 Tempore
347 2630 378 2679 et
397 2619 552 2697 impubem
573 2621 656 2682 molli
676 2623 841 2698 pubescere
860 2633 943 2682 veste

179 2715 218 2774 Et
237 2714 344 2799 pariter
363 2717 484 2776 mollem
505 2716 589 2777 malis
610 2717 766 2777 demittere
786 2718 917 2777 barbam.

178 2811 314 2871 Fulmina
333 2822 483 2888 postremo
503 2813 555 2872 nix
573 2812 683 2873 imbres
704 2812 806 2873 nubila
824 2814 905 2875 venti
1112 2817 1149 2889 ⁶7
1154 2834 1169 2890 5

178 2910 251 2969 Non
270 2907 358 2969 nimis
378 2908 495 2971 incertis
516 2912 590 2969 fiunt
611 2911 642 2969 in
663 2910 796 2986 partibus
815 2910 895 2970 anni

179 3006 317 3081 Namque
336 3005 388 3066 ubi
408 3006 451 3077 sic
470 3006 587 3065 fuerunt
607 3023 764 3064 causarum
784 3004 905 3066 exordia
924 3004 1028 3082 prima,

178 3103 277 3178 Atque
297 3100 339 3162 ita
358 3121 404 3161 res
425 3102 529 3162 mundi
548 3101 683 3162 cecidere
702 3104 743 3161 ab
763 3100 875 3178 origine
894 3100 998 3179 prima,

180 3196 340 3272 Conseque
360 3215 478 3273 quoque
499 3196 558 3255 iam
578 3197 705 3257 redeunt
725 3215 763 3255 ex
783 3194 888 3254 ordine
908 3206 997 3255 certo.
1045 3251 1050 3259 .

220 3294 359 3354 Crescere
378 3292 509 3369 itemque
530 3294 594 3354 dies
614 3293 683 3353 licet
703 3303 733 3351 et
753 3293 906 3352 tabescere
925 3303 1038 3365 noctes,
1112 3295 1172 3351 680

180 3391 220 3448 Et
238 3388 333 3447 minui
352 3388 433 3449 luces
453 3408 523 3449 cum
544 3399 664 3447 sumant
682 3387 822 3464 augmina
841 3400 954 3464 noctes,
