2642 3867
165 201 202 240 ro
422 183 489 239 DE
515 183 690 241 RERUM
709 184 898 243 NATURA

163 313 242 371 Nam
262 310 390 389 primum
410 309 553 387 quicquid
573 312 694 389 fulgoris
715 311 839 390 disperit
858 313 896 388 ei,

163 411 362 487 Quocumque
381 410 497 471 accidit.
541 411 579 470 ld
598 410 668 472 licet
687 410 758 471 hino
778 430 959 488 cognoscere
978 414 1083 492 possis,
1100 418 1157 495 285

163 506 255 582 Quod
274 504 362 567 simul
382 525 418 566 ac
437 504 566 584 primum
587 507 684 567 nubes
704 508 865 568 succedere
885 510 940 569 soli

163 605 297 680 Coepere
317 614 348 665 et
367 603 466 665 radios
485 602 562 665 inter
582 603 668 681 quasi
687 622 824 681 rumpere
843 605 926 680 lucis,

164 705 323 780 Extemplo
342 702 462 763 inferior
481 722 548 779 pars
568 702 676 763 horum
697 701 821 779 disperit
841 703 938 765 omnis

163 806 315 878 Terraque
335 801 520 861 inumbratur
540 818 600 877 qua
621 796 715 860 nimbi
736 818 867 878 cumque
886 804 1035 880 feruntur3

164 899 209 960 Ut
228 915 334 958 noscas
354 897 514 973 splendore
534 914 615 957 novo
635 914 682 955 res
703 914 821 974 semper
840 914 926 973 egere
1101 921 1160 977 ²90

163 995 204 1054 Et
222 991 352 1071 primum
372 991 483 1052 iactum
503 990 623 1071 fulgoris
644 1010 794 1070 quemque
814 993 909 1070 perire

164 1094 230 1154 Nec
249 1089 364 1152 ratione
383 1089 442 1151 alia
460 1109 507 1150 res
527 1108 619 1167 posse
638 1089 671 1149 in
691 1091 755 1150 sole
774 1089 877 1163 videri,

164 1191 313 1267 Perpetuo
333 1187 365 1247 ni
384 1187 555 1265 suppeditet
574 1187 647 1247 lucis
669 1199 759 1263 caput
778 1187 885 1265 ipsum.

165 1286 246 1365 Quin
267 1286 356 1348 etiam
376 1296 522 1371 nocturna
542 1285 605 1359 tibi,
627 1284 774 1347 terrestria
793 1303 872 1362 quae
892 1297 971 1361 sunt,

165 1383 300 1459 Lumina,
321 1383 488 1461 pendentes
508 1381 618 1459 lychini
638 1382 793 1459 claraeque
813 1382 942 1444 coruscis
1102 1406 1159 1465 295

165 1479 341 1559 Fulguribus
360 1478 486 1557 pingues
507 1480 601 1540 multa
620 1478 745 1558 caligine
765 1480 871 1542 taedae

166 1574 321 1639 Consimili
341 1585 501 1653 properant
520 1573 643 1647 ratione,
665 1577 770 1635 ardore
789 1575 932 1651 ministr0,

165 1672 361 1751 Suppeditare
381 1689 493 1732 novum
512 1672 624 1745 lumen,
645 1681 771 1733 tremere
790 1672 907 1750 ignibus
927 1674 1045 1753 instant,

166 1773 292 1842 Instant,
313 1788 368 1829 nec
388 1769 456 1829 loca
475 1769 526 1827 lux
545 1766 622 1829 inter
641 1768 726 1847 quasi
747 1779 833 1846 rupta
852 1769 999 1848 relinquit.

166 1867 271 1943 Usque
290 1867 368 1927 adeo
388 1874 580 1943 properanter
599 1866 638 1924 ab
658 1864 797 1926 omnibus
817 1864 935 1944 ignibus
954 1868 983 1929 ei
1101 1891 1161 1947 300

166 1962 297 2023 Exitium
318 1960 406 2023 celeri
426 1963 538 2022 celatur
558 1960 671 2039 origine
690 1962 835 2023 flammae

166 2058 215 2121 Sic
234 2057 322 2137 igitur
341 2058 435 2119 solem
454 2058 557 2117 lunam
578 2058 738 2134 stellasque
757 2058 953 2136 putandumst

167 2159 213 2217 Ex
231 2156 291 2218 alio
311 2166 401 2235 atque
420 2154 480 2215 alio
499 2157 598 2215 lucem
619 2155 729 2217 iactare
749 2158 873 2217 subortu

167 2256 207 2314 Et
226 2254 355 2331 primum
375 2250 517 2330 quicquid
536 2252 722 2312 flammarum
741 2253 865 2329 perdere
885 2272 1020 2331 semper3

167 2348 354 2410 Inviolabilia
372 2349 448 2409 haec
467 2367 507 2409 ne
527 2348 630 2409 credas
650 2349 727 2409 forte
746 2346 852 2425 vigere.
1102 2371 1159 2431 305

205 2446 346 2526 Denique
365 2465 429 2506 non
448 2444 562 2523 lapides
582 2464 703 2522 quoque
723 2443 801 2505 vinei
821 2446 917 2506 cernis
937 2448 976 2507 ab
996 2467 1079 2520 aevo,

168 2547 239 2605 Non
258 2546 333 2605 altas
353 2552 445 2604 turres
465 2561 549 2603 ruere
569 2552 600 2603 et
619 2554 788 2619 putrescere
808 2563 887 2616 saxa,

167 2642 238 2702 Non
258 2641 382 2702 delubra
402 2642 491 2702 deum
512 2640 726 2717 simulacraque
746 2640 823 2700 fessa
842 2640 946 2715 fatisci,

167 2742 232 2803 Nec
252 2750 386 2801 sanctum
406 2758 519 2800 numen
539 2737 591 2799 sati
611 2740 770 2815 protollere
790 2740 864 2799 fines

168 2840 259 2899 Posse
279 2855 376 2913 neque
394 2836 536 2897 adversus
555 2845 678 2896 naturae
698 2836 819 2895 foedera
839 2834 916 2895 niti?
1102 2859 1161 2915 310

168 2933 305 3011 Denique
326 2952 387 2993 non
408 2930 593 2993 monimenta
612 2930 707 2992 virum
729 2930 844 3009 dilapsa
863 2933 1007 3008 videmus,

166 3034 303 3107 Aeraque
322 3048 465 3107 proporro
486 3028 676 3105 solidumque
696 3046 850 3090 senescere
870 3032 986 3103 sermm,

166 3130 238 3190 Non
257 3145 342 3187 ruere
361 3128 479 3187 avolsos
499 3125 596 3186 silices
616 3146 635 3185 a
654 3124 807 3187 montibus
827 3126 893 3188 altis

167 3228 233 3286 Nec
254 3222 365 3286 validas
385 3223 452 3286 aevi
471 3222 547 3284 vires
568 3224 696 3300 perferre
715 3222 838 3301 patique

169 3321 279 3383 Finiti?
306 3340 405 3397 neque
425 3319 505 3382 enirn
526 3322 666 3381 caderent
685 3321 787 3381 avolsa
806 3329 937 3397 repente,
1103 3339 1160 3402 3¹5

168 3423 214 3479 Ex
233 3416 348 3479 infinito
369 3438 446 3493 quae
467 3429 601 3494 tempore
621 3419 849 3495 pertolerassent
