2642 3867
481 232 623 291 LIBER
653 232 860 307 QUINTUS.
1130 254 1166 306 41

175 354 375 432 Nequiquam,
397 355 540 433 quoniam
560 356 706 434 permixta
725 360 820 420 caede
838 362 969 421 calentes

173 451 348 512 Turbabant
369 451 449 512 saevi
469 453 553 513 nullo
573 451 743 516 discrimine
763 464 882 529 turmas,

173 544 329 606 Terrificas
349 546 480 624 capitum
501 546 668 624 quatientes
688 550 822 626 undique
842 551 953 625 cristas,

174 644 240 704 Nec
260 652 397 719 poterant
417 645 531 720 equites
551 643 670 705 fremitu
690 645 843 721 perterrita
863 666 1007 723 equorum

174 742 299 801 Pectora
318 742 449 802 mulcere
469 751 499 802 et
519 740 608 801 frenis
628 752 800 803 convertere
819 742 851 801 in
870 743 980 804 hostes.

174 836 298 897 Inritata
317 838 382 899 leae
401 836 550 899 iaciebant
569 856 696 914 corpora
715 839 791 898 saltu

174 934 317 1013 Undique
339 945 370 996 et
390 936 548 995 adversum
569 933 756 996 venientibus
779 955 831 997 ora
852 940 994 1015 petebant

173 1034 213 1093 Et
234 1052 290 1093 uec
312 1032 471 1110 opinantes
491 1052 511 1091 a
531 1042 614 1110 tergo
636 1034 821 1111 deripiebant

174 1130 386 1206 Deplexaeque
407 1130 519 1190 dabant
539 1128 570 1189 in
593 1139 700 1190 terram
722 1133 842 1192 volnere
863 1128 966 1206 victos,

174 1226 324 1288 Morsibus
347 1227 462 1287 adfixae
483 1226 588 1287 validis
610 1235 701 1303 atque
721 1227 871 1305 unguibus
890 1228 983 1288 uncis

173 1326 387 1401 lactabantque
408 1343 476 1384 suos
497 1323 572 1384 tauri
591 1324 778 1401 pedibusque
798 1328 934 1387 terebant

172 1421 212 1479 Et
232 1420 324 1479 latera
343 1437 380 1477 ac
398 1430 515 1480 ventres
535 1420 695 1480 hauribant
715 1424 817 1482 subter
838 1440 982 1497 equorum

173 1515 320 1579 Cornibus
342 1527 372 1577 et
392 1527 498 1577 terram
520 1517 671 1578 minitanti
691 1519 789 1579 fronte
810 1520 942 1579 ruebant

173 1615 212 1673 Et
230 1613 335 1675 validis
357 1614 454 1675 socios
475 1616 641 1677 caedebant
664 1616 805 1678 dentibus
828 1616 892 1692 apri

172 1711 247 1771 Tela
267 1710 391 1771 infracta
413 1730 468 1772 suo
492 1712 662 1789 tinguentes
684 1711 828 1789 sanguine
849 1713 938 1784 saevi,

173 1808 210 1866 Iu
232 1827 264 1868 se
283 1809 375 1868 fracta
400 1828 453 1869 suo
475 1808 643 1885 tinguentes
666 1808 809 1885 sanguine
830 1810 898 1881 tela,

173 1902 391 1981 Permixtasque
413 1905 526 1965 dabant
549 1904 681 1981 equiturn
704 1903 899 1981 peditumque
921 1902 1027 1964 ruinas.

172 2001 251 2059 Nam
273 2011 437 2060 transversa
458 2002 536 2061 seros
560 2000 680 2059 exibant
701 1998 799 2060 dentis
820 2000 943 2059 adactus

172 2097 311 2156 Iumenta
331 2106 383 2155 aut
404 2096 533 2174 pedibus
555 2106 660 2156 ventos
683 2105 781 2156 erecta
801 2097 962 2171 petebant;

172 2192 372 2270 Nequiquam,
396 2192 537 2270 quoniam
558 2194 596 2253 ab
622 2192 720 2252 nervis
742 2190 857 2252 succisa
877 2191 992 2253 videres

171 2288 338 2350 Concidere
359 2300 448 2367 atque
470 2289 551 2367 gravi
573 2300 682 2351 terram
704 2300 895 2350 consternere
915 2307 992 2347 casu.

171 2384 279 2462 Siquos
302 2397 372 2448 ante
395 2386 478 2447 domi
500 2385 630 2447 domitos
651 2385 722 2446 satis
744 2405 809 2446 esse
831 2386 981 2462 putabant,

171 2482 369 2543 Effervescere
389 2484 550 2543 cernebant
571 2482 603 2541 in
624 2483 713 2542 rebus
734 2480 860 2558 agundis

171 2578 351 2639 Volneribus
374 2580 505 2639 clamore
526 2580 596 2657 suga
617 2588 727 2638 terrore
748 2577 885 2649 tumultu,

172 2676 238 2734 Nec
258 2684 395 2751 poterant
415 2675 506 2734 ullam
528 2685 641 2751 partem
661 2673 824 2733 redducere
845 2689 967 2745 eorum3

173 2770 353 2848 Diffugiebat
374 2772 455 2831 enim
477 2770 589 2831 varium
613 2788 707 2847 genus
729 2788 818 2829 omne
840 2770 985 2841 serarum3

171 2868 216 2929 Ut
237 2886 317 2926 nunc
339 2885 427 2944 saepe
449 2869 541 2928 boves
564 2869 665 2927 Lucae
686 2868 761 2927 ferro
783 2867 861 2925 male
882 2875 997 2924 mactae

172 2962 346 3041 Diffugiunt,
367 2964 430 3024 fera
450 2965 528 3023 sacta
549 2964 610 3023 suis
631 2982 700 3023 cum
722 2963 816 3023 multa
837 2960 955 3022 dedere
1087 2980 1163 3034 1340

170 3063 231 3123 Sed
251 3061 347 3119 facere
368 3057 400 3118 id
422 3078 483 3118 non
506 3068 567 3117 tam
589 3056 731 3119 vincendi
752 3077 805 3135 spe
826 3058 990 3129 voluerunt,

171 3158 271 3234 Quam
295 3156 366 3215 dare
386 3156 468 3231 quod
489 3164 642 3231 gemerent
664 3154 774 3226 hostes,
796 3150 913 3229 ipsique
935 3150 1038 3227 perire,

171 3252 232 3329 Qui
254 3270 377 3312 numero
400 3250 575 3311 diffidebant
596 3249 745 3324 armisque
767 3249 922 3307 vacabant

211 3347 325 3410 Nexilis
345 3357 415 3408 ante
434 3348 489 3406 suit
509 3344 599 3405 vestis
619 3364 710 3421 quam
731 3342 833 3403 textile
854 3353 980 3418 tegmen
1086 3359 1162 3418 1350

170 3445 288 3514 Textile
307 3455 375 3528 post
394 3445 539 3516 serrumst,
560 3444 630 3526 quia
648 3443 725 3501 ferro
745 3441 803 3500 tela
822 3449 950 3519 paratur,
