2642 3867
465 193 607 254 LIBER
637 196 846 272 QUINTUS.
1115 224 1153 278 43

157 314 246 376 Tibia
266 335 340 393 quas
360 318 458 379 fundit
478 319 577 398 digitis
598 324 715 400 pulsata
734 336 904 401 canentum,
1077 335 1151 409 1385

156 411 234 471 Avia
253 432 307 490 per
326 434 449 477 nemora
468 437 504 478 ac
525 418 611 480 silvas
632 422 784 499 saltusque
804 434 928 499 reperta,

158 507 215 567 Per
234 509 301 569 loca
320 523 473 588 pastorum
494 515 611 575 deserta
630 528 722 594 atque
741 517 804 577 otia
823 518 881 578 dia

159 606 246 665 Haec
265 608 382 670 animos
402 610 469 672 ollis
489 615 662 674 mulcebant
681 625 772 691 atque
792 615 933 676 iuvabant
1075 636 1153 693 1390

157 700 237 761 Cum
257 704 361 765 satiate
381 704 459 781 cibi;
485 726 555 767 nam
576 720 640 769 tum
660 710 735 770 haec
755 720 825 771 sunt
845 710 947 771 omnia
966 711 1057 771 cordi.

157 798 251 875 Saepe
272 799 372 877 itaque
392 802 469 863 inter
488 824 521 865 se
540 806 679 882 prostrati
699 807 730 866 in
749 807 882 884 gramine
904 806 986 867 molli

156 896 280 973 Propter
300 917 396 975 aquae
416 903 511 961 rivum
532 903 587 962 sub
607 903 697 963 ramis
717 903 829 964 arboris
849 906 927 965 altae

157 994 229 1051 Non
249 994 362 1071 magnis
383 996 491 1072 opibus
512 996 641 1059 iucunde
661 1016 787 1076 corpora
806 1000 965 1074 habebant,

156 1089 330 1150 Praesertim
350 1110 418 1151 cum
440 1104 599 1170 tempestas
620 1094 736 1155 ridebat
757 1106 787 1155 et
807 1096 878 1155 anni
1077 1113 1151 1173 1395

156 1188 307 1263 Tempora
325 1188 488 1266 pingebant
508 1190 668 1253 viridantes
688 1192 809 1254 floribus
829 1194 943 1254 herbas.

155 1285 234 1343 Tum
255 1284 329 1360 ioca,
351 1299 414 1347 tum
436 1308 542 1363 sermo,
562 1300 625 1350 tum
646 1292 750 1352 dulces
771 1311 835 1352 esse
856 1292 994 1353 cachinni

156 1382 351 1444 Consuerant
395 1386 527 1464 Agrestis
548 1386 628 1447 enirn
649 1396 713 1448 tum
734 1407 818 1447 musa
838 1388 955 1464 vigebat
966 1410 975 1463 3

156 1480 235 1539 Tum
255 1493 345 1558 caput
366 1493 456 1561 atque
475 1503 594 1567 umeros
613 1483 707 1562 plexis
727 1484 864 1545 redimire
885 1484 1002 1546 coronis

157 1575 292 1636 Floribus
313 1588 343 1638 et
363 1579 440 1640 foliis
460 1580 580 1641 lascivia
600 1583 679 1641 laeta
699 1582 849 1654 monebat,
1077 1602 1153 1654 1400

156 1675 255 1751 Atque
276 1686 358 1735 extra
378 1696 534 1737 numerum
556 1679 719 1755 procedere
740 1680 874 1739 membra
894 1689 1047 1738 moventes

157 1769 276 1831 Duriter
295 1782 331 1845 et¹
347 1772 421 1833 duro
441 1783 548 1834 terram
569 1774 646 1850 pede
667 1774 777 1851 pellere
798 1783 940 1848 matrem,

157 1866 249 1927 Unde
270 1867 440 1930 oriebantur
459 1869 533 1930 risus
554 1871 715 1947 dulcesque
735 1869 882 1945 cachinni,

157 1963 267 2023 Omnia
287 1965 370 2041 quod
390 1984 469 2026 nova
489 1978 552 2027 tum
572 1967 666 2044 magis
686 1968 761 2027 haec
782 1979 812 2028 et
832 1967 906 2027 mira
926 1967 1072 2045 vigebant

157 2063 197 2121 Et
216 2060 404 2138 vigilantibus
424 2063 494 2123 hinc
514 2066 637 2125 aderant
658 2064 767 2125 solacia
787 2065 893 2136 somni,
1078 2083 1151 2143 1405

156 2160 275 2219 Ducere
295 2159 479 2222 multimodis
499 2181 588 2223 voces
610 2174 640 2223 et
660 2164 779 2224 flectere
800 2174 906 2223 cantus

156 2256 196 2315 Et
216 2274 323 2332 supera
342 2258 472 2318 calamos
492 2278 571 2319 unco
591 2279 761 2336 percurrere
780 2260 865 2319 labro
873 2281 882 2333 3

156 2353 249 2413 Unde
270 2353 359 2414 etiam
379 2354 482 2432 vigiles
503 2375 584 2416 nunc
603 2357 678 2417 haec
699 2369 822 2433 accepta
842 2367 961 2418 tuentur

157 2451 197 2509 Et
216 2469 372 2510 numerum
393 2471 507 2513 servare
528 2472 630 2513 recens
651 2452 791 2526 didicere,
813 2472 912 2530 neque
933 2453 994 2513 hilo

157 2546 305 2607 Maiorem
324 2547 437 2609 interea
457 2550 579 2628 capiunt
599 2549 759 2611 dulcedini'
779 2552 906 2611 fructum
1078 2571 1154 2623 1410

156 2642 257 2717 Quam
277 2645 407 2707 silvestre
428 2666 521 2724 genus
542 2650 680 2725 capiebat
701 2647 916 2727 terrigenamm.

156 2740 240 2803 Nam
260 2744 342 2820 quod
362 2745 448 2805 adest
466 2757 593 2822 praesto,
615 2745 672 2806 nisi
692 2745 766 2824 quid
787 2746 980 2823 cognovimus
999 2756 1069 2806 ante

156 2838 289 2911 Suavius,
310 2838 341 2897 in
361 2838 464 2917 primis
484 2842 581 2917 placet
603 2852 632 2901 et
652 2844 767 2918 pollere
786 2840 914 2918 ridetur,

156 2934 364 3012 Posteriorque
383 2937 443 2997 iere
464 2936 567 2998 melior
588 2958 633 2998 res
654 2938 705 2997 illa
725 2948 841 3014 reperta

156 3030 258 3092 Perdit
277 3040 308 3090 et
327 3029 464 3091 immutat
484 3050 589 3092 sensus
609 3034 650 3093 ad
670 3031 793 3110 pristina
814 3051 958 3109 quaeque.
1077 3050 1150 3110 1415

155 3126 205 3188 Sic
224 3128 328 3187 odium
348 3125 447 3203 coepit
467 3127 593 3204 glandis,
616 3128 659 3188 sic
680 3129 731 3189 illa
751 3130 854 3189 relicta

155 3224 252 3284 Strata
272 3221 381 3281 cubilia
401 3233 469 3282 sunt
489 3222 588 3283 herbis
608 3233 639 3284 et
658 3223 814 3284 frondibus
834 3235 927 3283 aucta

156 3318 245 3380 Pellis
264 3317 338 3380 item
358 3317 466 3380 cecidit
486 3318 575 3380 vestis
596 3329 771 3398 contempta
790 3318 899 3380 ferinae
909 3338 919 3391 3
