2642 3867
150 195 187 251 26
408 190 475 247 DE
501 188 675 247 RERUM
697 187 884 247 NATURA

148 322 223 381 Cum
244 315 366 395 peperit,
388 314 467 376 dulci
487 316 616 392 repletur
636 315 721 386 lacte,
743 313 826 390 quod
847 312 943 373 omnis

148 417 283 491 Impetus
302 412 334 472 in
355 430 498 471 mammas
518 408 698 471 convertitur
717 408 767 469 ille
787 407 930 468 alimenti.
1083 410 1140 483 815

147 511 238 570 Terra
257 508 358 570 cibum
378 504 485 585 pueris,
505 518 618 569 vestem
637 526 737 585 vapor,
759 508 852 567 herba
871 504 969 565 cubile

149 607 314 668 Praebebat
334 608 427 666 multa
447 616 478 666 et
498 604 581 665 molli
601 603 740 683 lanugine
760 605 923 665 abundans.

148 706 189 763 At
209 701 325 763 novitas
346 703 450 763 mundi
470 721 527 762 nec
547 699 654 778 frigora
674 702 747 761 dura
766 699 865 761 ciebat

149 802 215 861 Nec
234 798 340 860 nimios
361 809 460 860 aestus
480 818 538 859 nec
557 800 672 877 magnis
691 797 803 858 viribus
822 817 914 857 auras

150 897 261 960 Omnia
281 898 360 959 enim
380 897 489 975 pariter
508 908 643 957 crescunt
664 907 694 957 et
714 900 822 957 robora
842 905 968 955 sumunt
1086 897 1144 952 820

188 995 288 1069 Quare
308 992 398 1055 etiam
419 1006 510 1071 atque
531 994 620 1054 etiam
641 1004 808 1053 maternum
828 1009 939 1051 nomen
959 991 1068 1067 adepta

150 1095 242 1152 Terra
260 1103 343 1153 tenet
363 1091 475 1164 merito,
497 1091 637 1170 quoniam
658 1110 752 1167 genus
771 1088 837 1166 ipsa
857 1088 966 1149 creavit

152 1193 326 1251 Humanum
346 1202 435 1268 atque
454 1190 564 1249 animal
583 1208 678 1267 prope
697 1199 778 1249 certo
799 1198 933 1263 tempore
952 1184 1028 1246 fudit

153 1290 251 1349 Omne
271 1290 354 1365 quod
374 1288 406 1348 in
426 1287 540 1365 magnis
560 1287 721 1348 bacchatur
741 1286 886 1347 montibu’
907 1285 1025 1363 passim,

153 1386 314 1463 Aeriasque
334 1385 422 1446 simul
442 1387 576 1447 volucres
596 1384 771 1446 variantibu'
792 1383 902 1445 formis.
1088 1385 1145 1458 825

153 1483 212 1543 Sed
232 1481 302 1559 quia
320 1484 410 1543 finem
431 1482 561 1559 aliquam
582 1481 716 1560 pariendi
737 1482 828 1543 debet
850 1483 968 1555 habere,
1035 1478 1038 1481 ’

154 1578 284 1651 Destitit,
306 1590 340 1639 ut
361 1579 467 1638 mulier
486 1578 584 1655 spatio
604 1578 723 1639 defessa
741 1588 866 1637 vetusto.

155 1677 254 1734 Mutat
274 1672 355 1734 enirn
376 1673 480 1734 mundi
502 1684 636 1733 naturam
657 1673 748 1735 totius
768 1684 858 1746 aetas,

155 1774 200 1831 Ex
219 1771 336 1849 alioque
357 1771 430 1831 alius
451 1783 544 1833 status
565 1772 700 1849 excipere
720 1770 822 1832 omnia
843 1771 940 1844 debet,

155 1872 221 1930 Nec
240 1880 342 1929 manet
360 1870 422 1928 ulla
441 1868 486 1929 sui
507 1867 609 1929 similis
629 1889 694 1930 res:
715 1868 817 1929 omnia
836 1866 970 1945 migrant,
1090 1868 1149 1942 830

155 1965 265 2029 Omnia
284 1977 448 2027 commutat
467 1977 572 2027 natura
592 1979 621 2027 et
642 1980 754 2027 vertere
775 1966 863 2044 cogit.

156 2064 295 2139 Namque
315 2061 397 2122 aliud
416 2061 557 2139 putrescit
577 2072 607 2122 et
627 2081 702 2122 aevo
722 2062 821 2123 debile
841 2063 968 2137 languet,
1006 2104 1011 2112 .

155 2161 247 2219 Porro
266 2157 349 2219 aliud
368 2156 502 2218 clarescit
521 2169 552 2218 et
572 2178 589 2218 e
610 2158 830 2236 contemptibus
850 2156 918 2218 exit.

155 2256 204 2317 Sic
222 2256 310 2334 igitur
330 2256 435 2316 mundi
454 2267 588 2316 naturam
609 2257 699 2317 totius
719 2267 800 2317 aetas

157 2357 256 2415 Mutat
276 2363 306 2413 et
327 2373 363 2413 ex
383 2352 442 2413 alio
463 2364 570 2414 terram
591 2364 685 2415 status
706 2352 815 2432 excipit
836 2354 929 2413 alter:
1089 2350 1145 2426 835

157 2452 246 2528 Quod
266 2450 363 2528 potuit
383 2450 495 2527 nequit,
517 2463 550 2511 ut
571 2452 665 2529 possit
685 2453 767 2528 quod
788 2470 850 2511 non
870 2448 937 2510 tulit
956 2458 1033 2509 ante.

196 2547 352 2623 Multaque
371 2555 435 2605 tum
455 2547 542 2605 tellus
561 2548 651 2607 etiam
671 2557 809 2622 portenta
828 2564 926 2606 creare

155 2645 300 2705 Conatast
320 2643 394 2702 mira
414 2640 489 2703 facie
509 2641 711 2719 membrisque
731 2653 841 2716 coorta,

156 2741 379 2817 Androgynum,
397 2738 612 2815 interutrasque
631 2757 689 2798 nec
707 2748 813 2810 utrum,
831 2736 978 2814 utrimque
995 2749 1150 2808 remotum,

157 2837 240 2899 Orba
259 2836 371 2913 pedum
392 2835 509 2913 partim,
531 2855 674 2896 manuum
694 2835 815 2896 viduata
835 2833 971 2908 vicissim,
1093 2837 1151 2905 840

159 2934 245 2992 Muta
266 2930 329 2992 sine
349 2950 401 2992 ore
422 2931 520 3005 etiam,
543 2932 606 2991 sine
627 2933 710 2996 voltu
730 2949 821 2991 caeca
840 2940 964 3007 reperta,

157 3027 324 3104 Vinctaque
344 3028 542 3089 membrorum
563 3047 617 3105 per
638 3038 734 3088 totum
756 3046 862 3105 corpus
882 3027 1022 3098 adhaesu,

158 3126 224 3185 Nec
244 3126 342 3185 facere
362 3136 394 3183 ut
415 3136 539 3201 possent
553 3122 714 3203 quicquam
735 3144 792 3184 nec
812 3125 918 3183 cedere
938 3141 1090 3200 quoquam

160 3223 225 3281 Nec
244 3219 336 3281 vitare
356 3222 469 3280 malum
490 3240 547 3281 nec
567 3240 684 3281 sumere
705 3222 789 3298 quod
808 3222 884 3281 foret
905 3240 984 3280 usus.

159 3321 266 3381 Cetera
285 3321 325 3381 de
344 3339 452 3397 genere
471 3320 530 3379 hoc
550 3330 683 3379 monstra
702 3339 738 3379 ac
757 3329 896 3395 portenta
916 3317 1035 3377 creabat
1044 3338 1054 3391 ;
1094 3320 1151 3394 845

159 3416 357 3494 Nequiquam,
380 3415 521 3494 quoniam
542 3428 646 3477 natura
666 3414 821 3477 absterruit
840 3427 960 3475 auctum
1059 3466 1063 3478 .
