2642 3867
171 170 205 209 ra
426 157 495 215 DE
520 158 695 217 RERUM
715 160 900 219 NATURA

168 283 266 357 Atque
285 281 328 341 illi
347 300 423 358 quos
443 302 461 343 a
481 282 542 342 vita
561 294 667 343 natura
684 283 817 345 removit
1102 307 1161 363 350

205 380 360 439 Praeterea
380 398 586 457 quaecumque
605 391 730 440 manent
747 391 869 441 aeterna
888 386 1072 443 necesnrmst

165 475 234 547 Aut,
257 473 327 550 quia
347 485 416 536 sunt
436 475 534 537 solido
555 496 624 537 curn
644 495 779 555 corpore,
792 497 931 556 respuere
950 479 1028 539 ictus

166 572 231 631 Nec
250 584 404 649 penetrare
424 572 487 651 pati
507 572 565 635 sibi
585 573 744 653 quicquam
763 577 846 652 quod
865 587 955 653 queat
975 587 1052 637 artas

167 668 334 730 Dissociare
354 668 434 730 intus
455 680 563 747 partes,
583 680 617 731 ut
637 671 770 731 materiai
1118 665 1123 672 ¹

166 770 300 845 Corpora
320 777 390 827 sunt
409 784 536 843 quorum
557 776 692 827 naturam
712 768 897 831 ostendimus
916 772 996 843 ante,
1099 787 1136 845 35
1142 785 1159 845 5

167 867 226 923 Aut
245 861 315 924 ideo
336 863 441 923 durare
460 873 587 923 aetatem
607 882 696 941 posse
716 882 921 941 peromnem,
1075 868 1079 873 ’

167 962 320 1038 Plagarum
340 959 411 1036 quia
430 971 499 1020 sunt
520 959 658 1037 expertia,
680 960 756 1021 sicut
776 960 865 1023 inane
885 972 931 1023 est

166 1058 257 1133 Quod
277 1068 378 1117 manet
398 1056 543 1117 intactum
563 1076 663 1135 neque
682 1059 721 1117 ab
741 1056 804 1118 ictu
824 1056 954 1135 fungitur
972 1057 1075 1131 hilum,

165 1156 225 1213 Aut
245 1152 334 1214 etiam
355 1152 426 1229 quia
444 1154 525 1213 nulla
545 1153 603 1213 loci
623 1155 657 1214 fit
677 1153 765 1231 copia
784 1153 903 1229 circum,

165 1252 235 1327 Quo
254 1250 338 1328 quasi
358 1269 404 1310 res
424 1249 538 1327 possint
560 1249 713 1311 discedere
732 1249 922 1328 dissoluique,
1099 1254 1159 1327 360

164 1346 244 1407 Sicut
265 1364 446 1406 summarum
468 1363 584 1405 summa
604 1355 649 1406 est
669 1356 790 1406 aeterna
809 1365 908 1423 neque
928 1357 1010 1407 extra

165 1443 225 1518 Qui
244 1445 328 1503 locus
348 1455 393 1503 est
413 1461 474 1519 quo
494 1441 638 1502 dissiliant
659 1462 758 1519 neque
776 1462 903 1521 corpora
922 1455 991 1504 sunt
1010 1462 1086 1521 quae

164 1539 281 1600 Possint
300 1539 432 1600 incidere
452 1550 482 1599 et
502 1540 600 1599 valida
619 1538 779 1600 dissolvere
799 1542 895 1617 plaga

165 1640 206 1697 At
225 1657 333 1714 neque,
355 1636 399 1696 uti
420 1634 518 1710 docui,
542 1635 637 1696 solido
658 1655 728 1697 cum
748 1656 872 1713 corpore
892 1635 998 1698 mundi

165 1736 314 1809 Naturast‚
335 1736 476 1811 quoniam
497 1734 689 1795 admixtumst
709 1733 740 1793 in
760 1736 848 1795 rebus
869 1733 976 1808 inane3
1097 1738 1156 1812 365

165 1832 231 1889 Nec
250 1840 351 1891 tamen
371 1840 416 1890 est
437 1840 470 1889 ut
490 1828 587 1902 inane,
609 1848 709 1906 neque
728 1840 828 1889 autem
848 1848 973 1907 corpora
993 1830 1109 1902 desunt,

165 1928 211 1985 Ex
229 1926 345 1988 infinito
366 1946 443 2005 quae
463 1926 579 2004 possint
598 1927 675 1987 forte
695 1936 798 1987 coorta

164 2025 307 2085 Corruere
327 2024 407 2083 hanc
425 2042 522 2083 rerum
542 2022 674 2083 violento
694 2021 812 2083 turbine
833 2041 980 2082 summam

164 2123 225 2180 Aut
244 2119 332 2180 aliam
353 2118 487 2195 quamvis
507 2120 624 2179 cladem
644 2118 792 2197 inportare
811 2118 930 2196 pericli3

164 2220 230 2279 Nec
249 2236 338 2295 porro
358 2227 464 2277 natura
483 2215 542 2277 loci
562 2215 751 2293 spatiumque
771 2214 911 2292 profundi
1097 2233 1157 2293 370

164 2312 280 2386 Deficit,
301 2310 435 2389 exspargi
454 2329 516 2387 quo
535 2309 650 2387 possint
670 2307 790 2371 moenia
809 2309 911 2368 mundi
920 2328 931 2384 3

164 2412 224 2469 Aut
243 2408 301 2469 alia
320 2407 425 2485 quavis
445 2416 570 2485 possunt
590 2406 619 2467 vi
639 2407 726 2484 pulsa
745 2404 848 2483 perire.

164 2507 257 2567 Haud
275 2504 362 2583 igitur
381 2503 433 2565 leti
452 2506 606 2581 praeclusa
625 2514 672 2563 est
690 2501 780 2564 ianua
799 2503 883 2563 caelo

163 2604 230 2662 Nec
248 2602 304 2662 soli
322 2612 475 2677 terraeque
495 2618 593 2675 neque
613 2598 680 2659 altis
699 2596 835 2676 aequoris
848 2596 945 2672 undis,

162 2699 221 2759 Sed
241 2707 324 2776 patet
342 2696 473 2757 immane
493 2706 524 2757 et
543 2708 628 2757 vasto
648 2706 796 2774 respectat
815 2694 905 2756 hiatu
1097 2714 1132 2773 37
1137 2714 1155 2775 5

163 2796 261 2871 Quare
281 2792 371 2854 etiam
391 2791 491 2853 nativa
509 2804 695 2855 necessumst
716 2794 875 2853 confiteare

163 2893 251 2952 Haec
270 2891 394 2964 eadem;
420 2908 519 2967 neque
540 2889 629 2963 enim,
649 2888 767 2951 mortali
787 2908 911 2966 corpore
931 2908 1009 2966 quae
1029 2901 1107 2965 sunt,

163 2990 210 3049 Ex
228 2988 343 3049 infinito
363 2987 423 3048 iarn
443 2998 579 3066 tempore
599 2989 699 3049 adhuc
717 2986 885 3066 potuissent

162 3083 297 3146 lumensi
315 3083 428 3145 validas
448 3083 513 3145 aevi
533 3096 726 3145 contemnere
746 3082 829 3145 vires

202 3178 340 3256 Denique
360 3188 517 3257 tantopere
536 3178 613 3241 inter
633 3199 666 3241 se
685 3199 755 3241 cum
774 3176 904 3241 maxima
923 3177 1028 3239 mundi
1096 3181 1155 3257 380

163 3278 299 3353 Pugnent
319 3277 461 3348 membra
482 3275 534 3353 pio
554 3295 746 3354 nequaquam
766 3275 885 3338 concita
904 3276 993 3350 bello,

163 3375 273 3433 Nonne
292 3372 376 3434 vides
396 3374 526 3449 aliquam
545 3373 626 3451 longi
647 3373 815 3435 certaminis
835 3372 901 3433 ollis
