2642 3867
158 208 179 261 4
417 190 485 247 DE
510 190 685 247 RERUM
704 190 891 248 NATURA

146 320 273 396 ⁸Rursus
292 315 323 375 in
344 313 481 391 antiquas
499 316 663 377 reseruntur
681 315 837 393 religiones

68 472 70 481 .
159 414 199 471 Et
219 409 355 471 dominos
376 428 458 470 acres
478 409 656 484 adsciscunt,
678 409 781 472 omnia
799 430 889 490 posse

160 511 243 586 Quos
263 505 362 568 miseri
381 506 513 581 credunt,
535 506 628 585 ignari
648 506 720 587 quid
741 518 832 585 queat
851 527 927 583 esse,
954 510 957 516 ’

160 605 241 683 Quid
260 614 396 682 nequeat,
417 604 501 665 finita
520 616 653 683 potestas
674 605 803 683 denique
823 605 932 683 cuique

159 704 294 779 Quanam
314 701 351 763 sit
371 702 484 764 ratione
504 714 594 781 atque
615 705 674 764 alte
694 704 837 764 terminus
856 704 989 766 haerena
1112 724 1151 779 90

198 798 288 874 Quod
308 808 449 875 superest,
470 818 509 860 ne
529 809 559 861 te
579 798 611 859 in
630 797 783 876 promissis
803 802 889 877 plura
909 818 1064 873 moremur,

158 892 307 971 Principio
326 894 419 954 maria
438 914 474 955 ac
495 901 584 955 terras
605 897 781 973 caelumque
800 906 901 970 tuere;

159 990 293 1067 Quorum
313 1000 447 1050 naturam
467 990 621 1068 triplicem,
643 992 698 1052 tria
717 1011 851 1069 corpora,
875 991 1010 1065 Memmi,

158 1089 232 1147 Tres
253 1087 367 1165 species
386 1098 448 1147 tarn
468 1087 633 1159 dissimiles,
654 1086 710 1149 tria
730 1088 800 1149 talia
819 1100 908 1162 texta,

159 1184 230 1243 Una
248 1183 314 1244 dies
333 1183 416 1245 dabit
437 1182 536 1258 exitio,
557 1186 728 1261 multosque
747 1204 801 1262 per
820 1203 917 1246 annos
1111 1201 1149 1262 95

157 1281 325 1339 Sustentata
344 1289 410 1340 ruet
429 1280 524 1339 moles
544 1290 575 1341 et
594 1281 733 1341 machina
752 1282 864 1342 mundi

157 1378 224 1437 Nec
244 1394 293 1435 me
313 1372 404 1435 animi
423 1373 497 1435 fallit
516 1396 606 1454 quam
626 1396 674 1437 res
693 1396 773 1438 nova
792 1379 925 1454 miraque
944 1377 1037 1438 menti

156 1471 283 1533 Accidat
303 1471 424 1533 exitium
445 1472 519 1533 caeli
539 1484 692 1551 terraeque
712 1476 852 1548 futurum,

158 1573 197 1630 Et
217 1589 308 1647 quam
329 1569 448 1631 difficile
467 1571 499 1631 id
519 1570 592 1630 mihi
612 1571 650 1631 sit
670 1572 841 1649 pervincere
862 1571 967 1646 dictis;

157 1670 201 1729 Ut
220 1668 253 1728 fit
273 1666 326 1727 ubi
345 1664 494 1730 insolitam
514 1688 577 1729 rem
597 1670 736 1746 adportes
757 1670 876 1730 auribus
896 1680 966 1731 ante
1094 1691 1149 1731 roo

159 1766 225 1824 Nec
244 1774 344 1824 tamen
365 1764 443 1823 hanc
462 1763 558 1841 possis
579 1768 732 1826 oculorum
754 1767 880 1828 subdere
899 1767 964 1827 visu

158 1862 224 1922 Nec
243 1859 338 1922 iacere
358 1860 431 1921 indu
452 1880 567 1935 manus,
587 1862 636 1923 via
656 1883 715 1940 qua
735 1864 849 1925 munita
868 1865 939 1926 fidei

159 1958 295 2019 Proxima
314 1960 368 2019 fert
388 1958 551 2018 humanum
571 1958 601 2018 in
623 1970 729 2037 pectus
750 1962 919 2038 templaque
940 1959 1054 2021 mentis.

158 2057 216 2117 Sed
237 2067 337 2116 tamen
357 2056 476 2116 effabor.
521 2054 617 2115 Dictis
638 2056 722 2117 dabit
742 2056 807 2133 ipsa
826 2058 916 2118 fidem
936 2077 983 2118 res

159 2152 292 2216 Forsitan
312 2163 342 2213 et
361 2150 486 2230 graviter
506 2163 647 2213 terrarum
667 2152 799 2214 motibus
819 2155 890 2215 ortis
1094 2173 1147 2231 105

158 2251 269 2313 Omnia
289 2248 479 2327 conquassari
498 2249 530 2309 in
550 2269 641 2327 parvo
663 2261 797 2328 tempore
818 2271 928 2313 cernes

158 2348 248 2427 Quod
267 2348 372 2425 procul
391 2366 410 2406 a
429 2347 517 2407 nobis
537 2348 636 2408 flectat
655 2349 773 2407 fortuna
791 2349 968 2426 gubernans,

158 2448 197 2507 Et
215 2444 291 2506 ratio
310 2442 409 2521 potius
429 2463 518 2521 quam
538 2461 586 2504 res
606 2446 783 2521 persuadeat
802 2445 867 2523 ipsa

157 2539 313 2604 Succidere
334 2540 488 2601 horrisono
508 2559 598 2617 posse
618 2540 722 2602 omnia
740 2541 818 2602 victa
837 2545 958 2620 fragore.

199 2638 267 2714 Qua
286 2636 366 2715 prius
386 2636 541 2714 adgrediar
561 2655 651 2713 quam
672 2638 712 2699 de
732 2657 764 2698 re
783 2640 907 2701 fundere
927 2641 988 2700 fata
1093 2661 1150 2700 rro

158 2735 293 2796 Sanctius
314 2744 344 2794 et
364 2734 459 2793 multo
479 2743 558 2793 certa
578 2733 693 2794 ratione
713 2733 808 2812 magis
828 2756 917 2814 quam

158 2829 264 2909 Pythia
283 2846 359 2906 quae
380 2827 496 2905 tripode
515 2848 535 2889 a
555 2828 669 2889 Phoebi
689 2831 832 2907 lauroque
853 2833 991 2909 profatur,

159 2928 257 2987 Multa
276 2924 329 2986 tibi
350 2925 505 3003 expediam
525 2926 621 2988 doctis
642 2927 753 2988 solacia
772 2927 876 3003 dictis;

159 3023 314 3102 Religione
333 3024 495 3085 refrenatus
515 3044 553 3086 ne
573 3026 648 3085 forte
669 3024 758 3086 rearis

158 3123 263 3180 Terras
283 3129 314 3179 et
333 3119 427 3179 solem
448 3128 478 3178 et
497 3120 623 3192 caelum,
644 3139 726 3181 mare
746 3119 843 3182 sidera
862 3122 972 3197 lunam,
1067 3199 1069 3202 Ι
1094 3138 1147 3201 ¹¹5

159 3218 290 3294 Corpore
310 3214 412 3277 divino
432 3218 541 3277 debere
561 3227 682 3278 aeterna
700 3237 828 3292 manere,

160 3316 376 3390 Proptereaque
396 3324 482 3390 putes
503 3312 559 3373 ritu
579 3333 633 3391 par
652 3333 717 3375 esse
739 3315 900 3392 Gigantum

160 3410 291 3470 Pendere
312 3427 364 3469 eos
383 3428 496 3486 poenas
517 3409 630 3470 inmani
648 3429 704 3487 pro
724 3413 833 3472 scelere
853 3431 957 3473 ornnes
