2642 3867
155 200 193 273 3⁶
414 198 482 256 aa
507 198 682 257 RERUM
701 199 889 258 NATURA

155 324 261 386 Acrius
281 324 380 387 exim
400 326 483 401 quod
504 324 584 386 enim
605 344 638 386 se
658 325 785 403 quisque
804 330 928 404 parabat

155 422 268 484 Ulcisci
289 441 378 499 quam
399 440 479 481 nunc
498 433 702 482 concessumst
723 422 837 501 legibus
858 425 969 501 aequis,

156 521 247 580 Hanc
260 520 300 580 ob
313 539 376 580 rem
390 528 436 579 est
448 517 585 579 homines
598 530 768 597 pertaesum
781 519 811 592 vi
824 522 922 583 colere
937 541 1052 584 aevom.
1073 543 1150 602 1150

155 618 233 678 Inde
253 625 350 676 metus
370 617 500 675 maculat
520 634 686 692 poenarum
706 616 838 693 praemia
857 615 943 678 vitae.

155 709 342 773 Circumretit
362 708 443 769 enim
463 708 508 770 vis
528 720 619 786 atque
638 708 747 770 iniuria
766 730 916 789 quemque

155 808 264 883 Atque,
285 807 368 867 unde
386 814 524 879 exortast,
545 806 584 865 ad
605 824 676 866 eum
694 807 870 883 plerumque
889 809 1017 884 revertit,

157 904 224 962 Nec
242 902 356 962 facilest
375 901 523 979 placidam
544 922 580 961 ac
600 912 737 979 pacatam
759 904 866 981 degere
887 904 977 965 vitam

157 998 218 1077 Qui
237 998 328 1061 violat
348 998 432 1060 lactis
452 1000 625 1060 communia
643 1000 766 1061 foedera
785 1001 876 1077 pacis.
1074 1020 1149 1082 11⁵⁵

158 1097 221 1158 Etsi
240 1095 315 1157 fallit
335 1094 415 1156 enim
435 1095 537 1158 divom
556 1116 651 1173 genus
671 1098 905 1176 humanumque,

157 1198 305 1274 Perpetuo
326 1205 426 1255 tamen
447 1195 479 1254 id
499 1196 562 1255 fore
582 1196 659 1255 clam
680 1195 814 1257 diffidere
834 1197 945 1273 debet3

158 1293 279 1370 Quippe
299 1291 350 1354 ubi
370 1311 403 1352 se
423 1291 508 1352 multi
527 1310 581 1368 per
601 1291 718 1353 somnia
737 1312 827 1370 saepe
847 1295 1005 1371 loquentes
1093 1292 1100 1301 ’

158 1393 218 1450 Aut
238 1390 344 1450 morbo
364 1388 523 1450 delirantes
545 1400 683 1465 protraxe
702 1392 832 1451 feranmr

157 1488 198 1547 Et
217 1487 311 1547 celata
331 1487 410 1545 mala
429 1484 461 1545 in
481 1484 613 1547 medium
635 1496 666 1546 et
686 1496 811 1562 peccata
831 1488 957 1549 dedisse
1073 1493 1150 1549 1160

198 1586 288 1645 Nunc
309 1602 386 1661 quae
406 1602 495 1643 causa
515 1583 606 1644 deum
626 1602 679 1660 per
700 1602 822 1661 magnas
843 1584 967 1645 numina
986 1597 1089 1663 gentes

160 1680 337 1758 Pervulgarit
358 1690 387 1740 et
407 1700 521 1740 ararum
542 1679 735 1757 compleverit
756 1682 844 1741 urbes

159 1764 411 1855 suscipiendaque
433 1776 539 1837 curarit
559 1778 714 1839 sollemnia
735 1798 826 1853 sacra,

159 1876 246 1952 Quae
265 1896 346 1936 nunc
366 1875 397 1935 in
418 1874 533 1954 magnis
553 1877 660 1937 florent
681 1896 764 1938 sacra
783 1878 864 1939 rebu'
885 1874 1026 1956 locisque,

160 1972 251 2033 Unde
272 1969 359 2031 etiam
380 1990 462 2032 nunc
481 1981 527 2032 est
547 1970 720 2032 mortalibus
740 1971 843 2034 insitus
865 1974 967 2034 horror
1076 1976 1149 2052 1165

160 2066 220 2144 Qui
240 2068 364 2129 delubra
383 2069 474 2129 deum
494 2088 573 2129 nova
592 2079 658 2130 toto
680 2070 801 2131 suscitat
821 2071 886 2131 orbi

159 2167 315 2224 Terrarum
336 2175 366 2225 et
385 2164 468 2225 lestis
489 2166 568 2243 cogit
588 2167 737 2227 celebrare
757 2166 872 2240 diebus,

161 2261 232 2319 Non
252 2258 293 2319 ita
313 2258 460 2320 difficilest
479 2261 622 2321 rationem
643 2262 768 2322 reddere
787 2260 892 2321 verbis.

161 2353 280 2432 Quippe
300 2355 410 2416 etenim
431 2356 489 2416 iam
510 2367 574 2417 tum
595 2356 698 2418 divum
719 2356 855 2417 mortalia
875 2359 972 2417 saecla

163 2450 298 2529 Egregios
319 2450 418 2512 animo
439 2450 529 2512 facies
548 2452 687 2529 vigilante
707 2451 849 2513 videbant
1074 2470 1152 2528 1170

161 2550 200 2609 Et
220 2548 314 2625 magis
333 2549 364 2608 in
386 2550 497 2611 somnis
517 2550 654 2611 mirando
674 2549 805 2628 corporis
826 2560 923 2611 auctu.

162 2643 221 2703 His
240 2643 328 2721 igitur
347 2663 466 2705 sensum
487 2646 656 2706 tribuebant
676 2655 836 2723 propterea
854 2645 936 2721 quod

162 2740 299 2799 Membra
318 2759 436 2802 movere
456 2741 633 2802 videbantur
652 2760 801 2817 vocesque
821 2742 962 2818 superbas

163 2833 284 2896 Mittere
303 2855 358 2913 pro
378 2837 454 2898 facie
473 2839 623 2915 praeclara
644 2848 674 2897 et
693 2836 804 2898 viribus
824 2837 938 2914 amplis

162 2934 382 3007 Aetemamque
402 2933 513 2992 dabant
533 2933 635 3007 vitam,
656 2931 727 3009 quia
747 2951 863 3008 semper
883 2951 988 2993 eorum
1077 2946 1151 3006 1175

163 3024 412 3101 suppeditabatur
431 3025 519 3088 facies
539 3038 569 3087 et
588 3029 684 3087 forma
704 3027 852 3102 manebat,

163 3124 203 3182 Et
222 3134 321 3182 tamen
342 3124 465 3184 omnino
484 3126 567 3201 quod
588 3124 677 3185 tantis
696 3125 806 3185 viribus
825 3136 929 3184 auctos

164 3218 236 3277 Non
256 3227 365 3278 temere
385 3220 446 3279 ulla
465 3219 494 3279 vi
514 3219 651 3280 convinci
672 3238 761 3296 posse
781 3221 933 3296 putabant.

164 3311 361 3388 Fortunisque
380 3312 450 3375 ideo
469 3316 559 3392 longe
579 3326 726 3392 praestare
746 3318 899 3392 putabant,

165 3407 257 3483 Quod
277 3408 379 3468 mortis
400 3408 488 3471 timor
507 3413 589 3473 haud
609 3432 788 3495 quemquam
808 3422 927 3474 vexaret
948 3429 1060 3486 eorum,
1078 3411 1154 3473 1180
