2642 3867
148 183 186 256 38
407 184 475 241 DE
501 184 672 242 RERUM
693 184 882 243 NATURA

147 305 270 367 Solliciti
290 318 388 367 motus
408 309 488 368 hunc
508 310 623 385 possint
643 310 718 369 serre
738 311 879 387 laborem,

147 407 196 462 An
216 402 356 463 divinitus
376 413 495 463 aeterna
515 404 626 465 donata
646 408 741 467 salute

148 502 294 577 Perpetuo
314 497 430 575 possint
449 498 514 559 aevi
535 499 668 561 labentia
687 511 781 561 tractu

150 596 284 658 Inmensi
304 596 417 657 validas
436 596 502 658 aevi
522 609 715 659 contemnere
735 598 819 659 vires.

150 697 305 755 Praeterea
325 692 373 753 cui
393 712 454 753 non
474 692 592 753 animus
611 693 770 755 formidine
790 694 892 756 divum

148 790 346 862 Contrahitur,
368 788 415 849 cui
435 809 497 850 non
518 800 677 866 correpunt
698 792 832 852 membra
851 812 968 869 pavore,

148 885 291 947 Fulminis
311 884 443 946 horribili
463 905 532 945 cum
552 887 640 963 plaga
660 886 771 948 torrida
790 890 878 949 tellus
1068 911 1141 951 1220

148 982 313 1045 contremit
333 992 365 1043 et
384 1001 525 1060 magnum
545 996 717 1061 percurrunt
738 1003 888 1046 murmura
907 988 1045 1047 caelum?

148 1081 220 1141 Non
240 1081 344 1157 populi
363 1090 526 1157 gentesque
547 1090 688 1154 tremunt,
708 1099 853 1157 regesque
873 1083 995 1160 superbi

148 1176 320 1254 Corripiunt
340 1175 440 1237 divum
460 1176 592 1254 percussi
613 1180 747 1238 membra
767 1178 882 1254 timore,

149 1275 271 1351 Nequid
290 1275 330 1333 ob
351 1274 514 1333 admissum
534 1274 622 1335 soede
643 1275 794 1336 dictumve
815 1276 942 1353 superbe

149 1373 315 1431 Poenarum
335 1389 423 1447 grave
444 1369 481 1430 sit
501 1370 637 1431 solvendi
658 1382 776 1447 tempus
797 1373 956 1434 adultum?
1066 1390 1140 1450 1225

148 1469 270 1529 Summa
289 1467 379 1528 etiam
400 1487 469 1527 curn
489 1467 533 1527 vis
553 1466 677 1528 violenti
697 1487 751 1545 per
771 1487 852 1528 mare
872 1469 955 1531 venti

149 1567 395 1641 Induperatorem
415 1567 516 1625 classis
536 1584 624 1643 super
643 1585 775 1642 aequora
794 1566 884 1628 verrit

150 1663 228 1724 Cum
248 1662 353 1723 validis
373 1662 483 1740 pariter
502 1662 669 1739 legionibus
688 1675 779 1741 atque
799 1664 973 1743 elephantis,

150 1760 221 1820 Non
242 1758 344 1819 divum
365 1778 472 1836 pacem
492 1758 569 1820 votis
588 1760 652 1820 adit
672 1780 708 1820 ac
728 1781 816 1838 prece
837 1762 952 1836 quaesit

150 1858 314 1916 Ventorum
335 1855 460 1933 pavidus
481 1876 571 1933 paces
591 1858 764 1935 animasque
785 1860 953 1919 secundas?
1068 1876 1144 1932 1²30

151 1953 347 2031 Nequiquam,
369 1954 512 2031 quoniam
533 1954 665 2015 violento
685 1953 802 2015 turbine
823 1974 912 2031 saepe

150 2051 309 2125 Correptus
330 2048 391 2108 nilo
411 2049 502 2109 fertur
520 2047 619 2109 minus
639 2051 679 2109 ad
700 2051 777 2110 vada
797 2048 856 2110 leti

151 2148 256 2222 Usque
275 2147 353 2206 adeo
374 2165 420 2207 res
440 2147 586 2205 humanas
606 2144 651 2207 vis
671 2147 775 2207 abdita
794 2146 940 2223 quaedam

151 2241 268 2303 Obterit
288 2252 319 2302 et
338 2242 477 2319 pulchros
498 2243 593 2302 sasces
614 2261 776 2319 saevasque
797 2261 914 2303 secures

151 2339 324 2399 Proculcare
345 2357 381 2397 ac
400 2336 529 2398 ludibrio
549 2336 606 2398 sibi
626 2339 736 2398 habere
756 2337 878 2398 videtur.
1069 2357 1122 2412 123
1128 2354 1143 2413 5

152 2432 291 2509 Denique
311 2435 366 2494 sub
386 2433 513 2510 pedibus
533 2434 620 2493 tellus
640 2454 708 2493 curn
730 2444 793 2493 tota
813 2433 931 2494 vacillat

153 2528 382 2604 Concussaeque
402 2530 513 2588 cadunt
533 2529 620 2587 urbes
641 2527 808 2605 dubiaeque
828 2527 984 2601 minantur,

154 2624 235 2699 Quid
256 2624 362 2683 mirum
383 2622 408 2684 si
429 2643 462 2685 se
482 2634 618 2685 temnunt
639 2624 775 2685 mortalia
795 2626 892 2684 saecla

153 2723 253 2797 Atque
272 2730 433 2796 potestates
453 2738 576 2796 magnas
596 2717 745 2796 mirasque
765 2718 936 2797 relinquunt

153 2819 191 2877 In
211 2817 297 2876 rebus
317 2815 393 2877 vires
414 2816 524 2887 divum,
546 2834 622 2892 quae
642 2826 751 2875 cuncta
770 2817 956 2893 gubernent?
1069 2836 1145 2889 1240

193 2912 283 2988 Quod
297 2923 438 2989 superest,
452 2931 503 2972 aes
516 2922 606 2989 atque
619 2931 723 2972 aumm
736 2913 905 2990 ferrumque
918 2926 1095 2991 repertumst

154 3012 194 3070 Et
214 3008 301 3070 simul
320 3008 433 3087 argenti
452 3011 571 3086 pondus
591 3008 766 3086 plumbique
786 3020 926 3086 potestas,

154 3105 236 3183 Ignis
256 3104 309 3166 ubi
328 3105 463 3183 ingentes
483 3107 570 3165 silvas
589 3106 695 3165 ardore
714 3116 857 3166 cremarat

155 3199 310 3261 Montibus
330 3199 361 3259 in
382 3199 505 3277 magnis,
529 3219 581 3260 seu
601 3199 678 3260 caeli
697 3200 822 3261 fulmine
842 3200 942 3274 misso,

154 3298 222 3358 Sive
242 3298 325 3373 quod
344 3296 420 3355 inter
441 3314 472 3355 se
493 3296 604 3356 bellum
625 3294 757 3357 silvestre
776 3310 912 3373 gerentes
1071 3317 1143 3376 1245

156 3394 303 3454 Hostibus
323 3392 482 3453 intulerant
501 3392 602 3470 ignem
621 3393 786 3453 formidinis
807 3412 884 3470 ergo,
